4554 6345
402 765 750 879 Vobis
826 765 1208 906 finguli
1260 798 2223 911 quorumcumque
2273 790 2416 887 'et
2455 770 3364 887 benevolentiam,

406 934 512 1012 et
619 906 1424 1017 observantiam
1526 917 1989 1041 mirifice
2096 917 2710 1027 conciliatis
2768 990 2802 1035 ,
2897 940 3369 1044 quaeque

400 1048 833 1153 nullum
908 1052 1369 1157 omnino
1444 1056 1861 1161 nemini
1922 1059 2071 1161 de
2145 1059 2488 1165 Vobis
2561 1050 3131 1190 quaerendi
3211 1052 3373 1177 ¹0·

396 1218 653 1288 cum
732 1190 1316 1319 relinquit.
1415 1193 1694 1298 Haec
1770 1224 2106 1326 porro
2180 1222 2351 1301 tot
2430 1220 2537 1302 et
2615 1217 2928 1297 tanta
2997 1266 3031 1308 ,
3123 1187 3380 1317 qui-

398 1325 595 1467 bus
672 1323 1195 1449 affluitiS,
1253 1356 1968 1450 ornamenta,
2043 1336 2467 1440 mirum
2536 1331 2742 1450 est,
2817 1348 3374 1463 quantum

398 1497 659 1570 cum
759 1463 1144 1603 insigni
1247 1474 1739 1602 quadam
1842 1475 2342 1578 navitate
2417 1551 2451 1593 ,
2567 1466 3372 1606 diligentiaque

397 1604 1054 1738 jungantur,
1131 1636 1327 1739 per
1403 1639 1741 1742 quam
1820 1614 2031 1715 toti
2105 1613 2568 1746 quidem
2673 1612 2788 1725 in
2862 1639 2990 1712 eo
3060 1603 3369 1721 estis,

399 1769 525 1849 ut
601 1742 1430 1852 ferrariensium
1514 1749 2206 1884 ingeniorum
2285 1746 2774 1866 frustuS,
2825 1772 2933 1850 et
3010 1742 3374 1849 Litte-

398 1915 788 1987 rarum
856 1884 1329 2019 gloriam
1414 1886 2115 2020 amplificetis
2176 1963 2200 1986 .
2314 1890 2442 1990 In
2518 1898 2726 1989 hac
2806 1884 3035 1988 Vos
3109 1910 3370 2012 pro-

397 2018 687 2126 festo
760 2055 1089 2139 cura,
1157 2049 1266 2130 et
1348 2025 1927 2163 vigilantia
2022 2026 2634 2130 constanter
2713 2019 3366 2127 versamini:

392 2158 629 2263 haec
708 2162 938 2265 Vos
1041 2160 1459 2298 semper
1562 2166 1938 2269 reddit
2012 2165 2147 2269 de
2221 2164 2913 2269 Litterarum
3019 2160 3373 2273 bon0,

394 2302 529 2400 de
603 2303 1296 2435 ingeniorum
1394 2304 2072 2408 excitatione
2134 2379 2162 2423 ,
2240 2305 2375 2406 de
2449 2298 2772 2434 hujus
2891 2298 3361 2427 denique

399 2437 613 2541 loci
685 2441 1428 2573 dignitate,et
1505 2442 2061 2575 majestate
2134 2439 2714 2545 sollicitoss
2786 2465 3031 2571 quae
3106 2436 3378 2566 qui-

400 2579 656 2679 dem
736 2579 949 2683 loci
1049 2580 1532 2716 dignitas
1609 2582 1954 2685 Vobis
2057 2581 2520 2684 studiose'
2621 2576 3342 2689 curantibus,

400 2716 526 2818 eo
606 2718 1116 2834 devenit,
1170 2745 1293 2822 ut
1368 2744 1477 2823 et
1555 2721 2100 2824 mirentur
2181 2719 2678 2824 maxime'
2742 2713 3357 2822 Ferrarien-

400 2854 617 2961 ses,
697 2887 885 2959 nec
957 2884 1672 2963 externorum
1752 2858 2346 2962 hominum
2421 2856 3021 2961 admiratio
3093 2846 3355 2953 defi-

407 2997 906 3133 deretur.
977 2997 1381 3100 Omnes
1453 2996 2048 3115 enim,vix
2135 2997 2586 3129 pedibus
2658 2996 2770 3098 in
2846 2994 3127 3096 hanc
3203 2987 3364 3090 lo-

403 3132 507 3238 ci
584 3132 1258 3267 majestatem
1332 3134 1735 3253 illatis,
1806 3166 2018 3240 non
2098 3135 2590 3268 possunt,
2647 3132 2917 3267 quin
2991 3126 3366 3232 statim

403 3269 1261 3376 fludiofiliimam
1341 3274 2192 3380 Moderatorum
2294 3306 2682 3378 curam
2757 3266 3366 3401 promerita

408 3411 1185 3542 praedicatione
1262 3411 1964 3544 magnificent
2010 3487 2041 3530 ,
2091 3442 2196 3518 et
2273 3444 2498 3515 uno
2553 3410 3032 3517 sermone
3111 3434 3370 3534 pro-

409 3547 999 3668 fiteantur,
1066 3551 1250 3654 hic
1322 3551 1875 3656 industriae
1943 3552 2310 3657 vestrae
2389 3548 2845 3656 subsidio
2912 3542 3366 3676 conjun-

412 3687 587 3791 ἀεὶ
665 3690 1120 3820 reperiri
1180 3687 1515 3793 ‘facile'
1593 3691 1958 3810 omnia
2034 3766 2064 3809 ,
2137 3722 2386 3823 quae
2459 3684 2870 3824 fingula
2943 3680 3013 3783 fi
3088 3682 3361 3786 alibi

408 3825 1007 3936 videantur
1063 3901 1093 3944 ,
1196 3827 1572 3963 magni
1643 3828 2026 3933 habita
2130 3830 2806 3933 intuentium
2910 3818 3092 3925 fibi
3166 3820 3365 3922 ad-

408 3964 1176 4084 mirationem,
1228 3993 1335 4072 et
1414 3968 1786 4072 laudes
1855 3966 2503 4072 conciliant.
2578 3965 2910 4072 Plura
2967 3983 3362 4091 praete-

408 4135 591 4207 rea
664 4104 1199 4224 dicerem,
1254 4104 1323 4208 fi
1384 4115 1521 4210 ad
1604 4108 1885 4210 hanc
1919 4107 2319 4214 Libelli
2383 4106 3064 4237 paucitatem
3128 4092 3367 4229 pos-

407 4239 559 4346 set
635 4243 992 4346 oratio
1065 4240 1387 4349 fusior
1459 4247 2327 4351 accommodari.
2411 4243 2894 4357 Verum,
2939 4266 3128 4344 ¹me
3196 4261 3368 4336 ta-

406 4408 714 4486 cente
783 4383 1189 4504 etiam,
1262 4383 1638 4516 quales
1713 4378 1995 4501 fitis,
2053 4385 2423 4516 qualia
2500 4380 3084 4517 gesseritis,
3152 4376 3360 4478 hoc

410 4518 702 4626 certe‘
778 4518 1187 4626 nullius
1261 4522 1603 4655 potest
1677 4524 2416 4656 cognitionem
2490 4519 3025 4656 effugere.
3139 4519 3368 4619 Ac-

404 4659 740 4790 cipite
816 4659 1224 4764 interea
1300 4661 2042 4766 humaniflimi
2129 4693 2316 4779 ea,
2369 4692 2583 4793 qua
2659 4658 3081 4772 soletis,
3159 4659 3371 4762 hu-

406 4800 949 4903 manitate
1027 4798 1959 4932 qualemcumque
2060 4800 2345 4904 hanc
2420 4803 2553 4906 de
2634 4801 3361 4902 Monetarum

408 4937 1086 5068 antiquitate
1161 4940 1875 5060 notitiam,et
1954 4941 2159 5044 hoc
2218 4972 2488 5043 meae
2563 4971 2818 5076 erga
2881 4938 3110 5041 Vos
3186 4938 3375 5041 ob-

409 5073 978 5186 servantiae
1053 5076 1801 5187 testimonium
1858 5082 2145 5216 aequi
2209 5082 2677 5216 bonique
2750 5076 3138 5185 facite:
3194 5107 3376 5180 ne-

3025 5244 3238 5353 que
