4554 6345
868 524 1298 636 NON.
1386 524 2544 643 EVUL‘GATIS.
2938 534 3065 662 17

123 742 444 833 nafis
503 743 850 834 Medicei
911 746 1061 834 fuit
1124 749 1653 837 collocatum.
1718 757 1792 838 Is
1855 754 2029 870 post'
2071 754 2242 863 ejus
2303 752 2688 843 e'xcefl'um
2754 747 3197 840 Bononien-

129 863 212 948 fi
314 862 673 951 sunaus
734 867 1175 980 Legatione
1234 871 1680 955 maximam
1747 873 2292 958 calamitatem
2361 872 2977 989 perpefl‘us·est;
3039 897 3196 954 ete·

138 980 414 1066 nim
473 983 706 1097 gravi
767 985 977 1072 inter
1038 988 1364 1090 Galim,
1424 992 1502 1071 &
1564 989 2015 1077 Pontificios
2084 992 2452 1105 Hispan1s
2512 989 2989 1077 consociatos
3051 987 3198 1099 gli·

142 1098 498 1186 scente
563 1101 832 1207 bello,
892 1133 1084 1189 cum
1145 1107 1215 1190 ei
1284 1105 1743 1192 interfuisset
1806 1110 2117 1224 praelio‚
2175 1112 2387 1224 quod
2448 1112 2655 1224 apud
2717 1114 3193 1194 Ravennam

147 1245 452 1302 anno
514 1224 893 1306 MDXII.
955 1221 1080 1307 die
1144 1227 1353 1311 sacro
1417 1226 1712 1310 Paschae
1801 1230 1906 1310 est
1967 1228 2230 1314 aslum
2274 1288 2302 1331 ‚
2360 1229 2462 1313 ab
2522 1226 2864 1312 hostibus
2924 1222 3199 1308 ‘inter-

156 1361 512 1450 ceptus
569 1339 1019 1426 Bononiam
1085 1342 1356 1456 prius,
1433 1342 1615 1428 inde
1670 1345 2089 1430 Mutinam
2135 1408 2161 1449 ,
2243 1345 2740 1461 postmodum
2809 1341 3198 1427 Mediola-

162 1482 451 1547 num.
500 1456 997 1571 perducitur.
1092 1466 1461 1574 Cumque
1526 1461 1843 1576 stipatus
1907 1464 2294 1550 militibus
2372 1463 2457 1550 in
2519 1461 2872 1550 Galliam
2930 1461 3197 1546 ·trahe··

174 1596 493 1679 retur,
544 1574 889 1660 'Abbatis
912 1577 1828 1692 Bongalli,&Raynaldi
1892 1581 2145 1667 Zaflii
2207 1610 2386 1695 ope,
2423 1609 2531 1667 ut·
2577 1579 2810 1666 refert
2871 1577 3196 1694 Jovius,

181 1688 699 1777 libertatem
761 1693 1034 1782 naritus
1091 1697 1559 1782 Bononiam*
1601 1699 1679 1785 se>
1741 1699 2079 1789 contulit
2122 1758 2149 1801 ‚
2212 1699 2344 1784 ubi
2432 1696 3194 1810 magnificentissime

180 1835 613 1925 exceptus
671 1810 778 1897 est
814 1872 841 1917 ‚
894 1843 1055 1929 quo
1116 1840 1475 1930 tempore
1539 1846 1963 1902 nummum
2024 1815 2238 1901 fuiffe
2304 1813 2576 1902 cusum
2636 1842 2794 1898 non
2857 1812 3197 1924 ambigi·

184 1954 455 2013 mus.
523 1932 729 2014 Haec.
773 1961 1089 2047 quoque
1138 1934 1245 2045 'de
1309 1940 1614 2046 Joanne
1681 1965 1840 2019 non
1905 1934 2433 2050 praetereunda
2496 1927 3196 2039 duximus3Patri·

197 2073 378 2129 am
440 2073 783 2163 nempe,
840 2079 887 2134 a
925 2080 1081 2164 qua
1145 2082 1331 2137 cum
1378 2052 1717 2138 Familia
1784 2082 1924 2169 per
1980 2054 2259 2137 decem
2323 2055 2401 2137 81
2461 2048 2642 2136 osto
2702 2076 2953 2143 annos
3011 2073 3202 2131 exu-

201 2159 619 2268 laverat,
682 2166 1232 2282 plaudentibus
1311 2171 1615 2257 civibus
1676 2172 1953 2256 eodem
2038 2201 2248 2256 anno
2324 2165 2801 2284 recuperasse
2839 2224 2868 2271 ,
2927 2167 3006 2250 8<
3069 2191 3202 2277 po·
3307 2168 3314 2176 ’
3431 2166 3444 2179 ’

206 2280 446 2367 stero
508 2282 675 2398 post
736 2285 933 2399 Julii
996 2314 1341 2373 mortem
1404 2286 1617 2373 fuiffe
1681 2319 1724 2374 a
1788 2290 2146 2376 Patribus
2207 2295 2308 2373 V.
2348 2290 2529 2377 Idus
2593 2283 2880 2373 Martii
2941 2279 3206 2371 Ponti·

235 2397 496 2497 ficem
562 2429 743 2488 cum
807 2405 1136 2491 nomine
1202 2406 1493 2493 Leonis
1557 2413 1667 2492 X.
1711 2407 2299 2495 renuntiatum.

262 2592 267 2595 .
440 2519 607 2607 Sub
667 2519 945 2607 eodem
1009 2525 1226 2636 Julio
1288 2525 1726 2639 percutitur
1820 2555 2055 2612 aereus
2115 2554 2369 2610 nonus
2452 2519 2796 2639 pauculo
2874 2540 3213 2635 argento

244 2633 775 2743 mixtus,.in
842 2638 1061 2750 cujus
1142 2641 1396 2757 prima
1485 2640 1681 2727 facie
1764 2643 2167 2757 inspicitur
2244 2640 2737 2755 gentilitium
2804 2636 3204 2726 Pontificis
3262 2638 3448 2722 lx..

246 2752 571 2840 scutum
634 2753 1019 2844 lemmate
1080 2758 1690 2875 circumseptum
1743 2767 1898 2846 DE
1939 2765 2500 2846 BONONIA.
2564 2768 2657 2843 ln
2721 2758 3073 2872 opposita
3133 2783 3213 2840 e·

247 2868 525 2957 minet
585 2874 850 2959 Sanffl
911 2879 1258 2965 Petronii
1322 2877 1591 2963 stantis
1683 2877 1954 2994 imago
1991 2939 2018 2984 ‚
2095 2876 2381 2963 additis
2456 2876 2542 2961 in
2604 2903 2896 2989 gyrum
2961 2869 3213 2958 literis

233 2990 326 3075 S.
388 2994 1080 3082 PETRONIVS.
1258 3098 1262 3103 ,

442 3110 830 3199 Decimus
887 3141 988 3199 ex
1053 3141 1251 3229 puro
1306 3122 1459 3206 ‘aere'
1515 3118 1893 3203 conflatus
1952 3142 2328 3203 nummus
2386 3107 2711 3198 exhibet
2759 3100 3051 3195 Leonis
3112 3107 3209 3190 X.

251 3222 362 3312 in·
409 3227 947 3340 Juliilocum
1001 3231 1290 3318 suffefli
1356 3234 1669 3321 vultum
1764 3266 1944 3320 cum
2011 3235 2174 3344 ejus
2253 3228 2580 3317 nomine
2677 3227 2760 3313 in
2824 3223 3197 3314 circuitu.
3257 3224 3363 3307 X.

250 3344 582 3435 Praefert
644 3350 932 3463 postico⁴
992 3351 1395 3438 salientem
1465 3352 1778 3437 leonem
1821 3349 2345 3458 anterioribus
2435 3344 2757 3466 pedibus
2818 3343 3211 3431 vexillum

246 3463 821 3574 sustinentem,
879 3499 1064 3556 cum
1126 3472 1551 3586 epigraphe
1616 3477 2127 3556 BONONIA
2194 3473 2643 3555 DOCET.
3209 3505 3220 3513 ·

443 3589 537 3669 In
604 3587 1061 3680 undecimo..
1104 3617 1487 3703 argenteo
1582 3585 2007 3704 insculptus
2095 3613 2422 3702 apparet
2516 3589 2592 3670 S.
2657 3582 3064 3669 Petronius
3126 3579 3206 3686 in

256 3699 451 3795 sella
512 3702 828 3812 sedens,
886 3706 986 3793 ad
1049 3706 1268 3818 cujus
1325 3709 1694 3793 dextrum
1758 3705 1966 3791 latus
2045 3705 2187 3789 stat
2249 3699 2700 3788 Innocentii
2763 3698 3206 3784 Cardinalis
3267 3700 3411 3783 XI.

248 3826 502 3934 cybo
564 3824 974 3936 parmula,
1029 3827 1166 3940 qui
1230 3823 1380 3911 fuit
1442 3856 1489 3911 a
1551 3824 1976 3911 Clemente
2038 3826 2228 3906 VII.
2286 3849 2499 3905 anno
2558 3821 3221 3902 MDXXIV.Bo-

252 3939 614 4029 nonienst
682 3942 1120 4056 Legatione
1182 3945 1783 4030 cohonestatus.
1861 3932 2169 4026 Totam
2230 3934 2562 4022 adversae
2644 3934 2883 4050 partis
2943 3963 3215 4019 aream

257 4087 597 4174 occupat
682 4061 898 4148 urbis
975 4062 1310 4149 stemma
1362 4121 1391 4169 ,
1485 4060 1744 4146 verbis
1822 4057 1906 4146 in
1979 4084 2269 4173 gyrum
2351 4053 2615 4171 positis
2694 4057 3217 4140 BONONIA

394 4299 894 4414 ‘Argenteus
952 4295 1514 4407 duodecimus,
1557 4298 1888 4414 dempto
1947 4293 2231 4411 Legati
2296 4289 2686 4381 tefferario
2746 4284 3220 4397 scuto‚tum
3285 4290 3467 4370 XII.

244 4409 346 4502 rin
406 4416 705 4521 antica,
765 4448 949 4505 cum
1014 4419 1095 4505 in
1163 4422 1452 4535 postica
1516 4418 1885 4503 consonat
1950 4446 2132 4501 cum
2197 4407 2748 4500 antecedenti.

439 4537 755 4623 Aureus
811 4537 1164 4624 decimus
1227 4539 1503 4623 tertius
1560 4535 1893 4624 ostendit
1954 4534 2036 4617 in
2098 4528 2477 4619 anteriori
2536 4525 2795 4612 fronte
2849 4521 3217 4609 Clemen-

265 4641 369 4734 tis
426 4655 617 4735 vn.
679 4655 1023 4767 langue.
1071 4656 1171 4742 ad
1236 4654 1736 4740 Pontificium
1800 4651 2109 4739 Solium
2193 4646 2448 4735 evefli
2531 4649 2758 4731 XIII.
2818 4641 3004 4750 Kal.
3065 4646 3223 4724 De·
3284 4639 3506 4726 xm.

263 4769 611 4857 cembris
670 4779 1159 4860 Muxxnt.
1223 4784 1316 4859 ln
1384 4771 1781 4887 posteriori
1844 4777 2182 4857 Crucem
2220 4796 2464 4870 ,cum
2528 4758 3063 4850 circumdusta
3104 4757 3221 4843 in-

267 4883 684 5002 scriptione
743 4896 1260 4981 BONONIA
1332 4892 1769 4976 DOCET.
1870 4885 2204 4973 Inferius
2263 4888 2363 4973 ad
2424 4885 2792 4971 dextrum
2851 4877 3082 4980 ¹latus
3141 4905 3217 4962 e·

273 5001 563 5118 jusdem
629 5009 1081 5099 cardinalis
1140 5013 1377 5125 cybo
1436 5013 1797 5095 Stemma
1839 5065 1866 5109 ,
1926 5008 2002 5090 8<
2065 5005 2263 5092 illud
2329 5001 2540 5091 urbis
2630 4999 2728 5086 ad
2789 4995 3221 5084 sinistrum.

266 5119 390 5236 Ad
443 5125 677 5235 hanc,
717 5129 1819 5328 utbembannoMDXXIgI.
1847 5125 2233 5252 Clemens
2285 5153 2472 5220 cum
2531 5112 3089 5247 Cardinalibus
3131 5114 3218 5200 in

2116 5253 2127 5263 '
2940 5259 3103 5318 ctus
