4554 6345
992 506 1364 623 NON
1510 490 2667 621 EVULGATIS.
3025 542 3152 644 41

355 761 542 827 ante
604 760 908 823 annum
975 738 1455 820 MDXXVI.
1517 731 1729 820 fuiffe
1792 718 2055 820 cusum
2125 761 2220 817 ex
2288 731 2616 818 indubio
2651 722 3312 842 Documento(1)
3381 733 3518 815 IX.

356 857 923 992 excerpsimus.
986 852 1344 968 Exponit
1407 852 1534 939 hic
1596 854 1678 939 in
1741 853 1999 939 antica
2066 850 2354 936 sacram
2420 852 2826 955 Pixidem,
2860 877 2939 934 et
3003 849 3317 962 inscrip-

359 974 668 1063 tionem
731 973 813 1058 in
884 971 1071 1057 orbe
1133 999 1540 1057 exaratam
1606 975 2209 1058 SANGVINIS
2275 973 2449 1053 XPI
2512 975 2927 1072 IHESV„
2951 967 3027 1053 in
3093 997 3308 1053 exer·

354 1122 466 1210 go
529 1095 1088 1179 MANT.1n
1152 1088 1436 1224 postica
1497 1091 1950 1205 Olympum
2016 1116 2427 1193 montem,
2477 1088 2560 1175 in
2624 1088 2841 1198 cujus
2905 1085 3311 1172 summita-

341 1237 426 1298 te
489 1210 786 1325 legitur
850 1212 1209 1297 FIDES.
1276 1207 1607 1295 Limbus
1667 1206 2112 1294 inscribitur
2173 1208 2318 1289 hac
2391 1232 2582 1293 voce
2646 1225 3224 1296 ΟΛΤΜΠΟΣ.

521 1332 683 1415 Sub
743 1327 1025 1414 eodem
1093 1326 1491 1414 Friderico
1554 1326 1934 1442 percussus
1995 1326 2101 1409 est
2160 1353 2578 1437 argenteus
2638 1328 3052 1430 decimus,
3107 1324 3300 1440 post·

334 1477 579 1565 quam
642 1446 781 1534 ille
848 1445 1341 1532 Marchionis
1402 1446 1642 1533 titulo
1707 1445 2053 1559 deposito
2109 1500 2137 1548 ‚
2201 1444 2445 1530 Ducis
2527 1445 2870 1532 alterum
2954 1447 3057 1530 est
3118 1442 3298 1531 affe·
3361 1441 3456 1521 X.

336 1593 674 1680 quutus·
737 1564 861 1651 Ibi
933 1564 1203 1651 visitur
1264 1564 1558 1681 effigies
1622 1563 2000 1677 Principis
2060 1591 2242 1647 cum
2310 1562 2776 1650 hisvocibus
2836 1564 2918 1651 in
2962 1562 3301 1649 circuitu

344 1688 980 1771 FEDERICVS
1043 1689 1144 1769 ΙΙ.
1173 1690 1716 1771 MANTVAE
1780 1688 2018 1766 DVX
2080 1684 2141 1762 Ι.
2206 1683 2296 1763 In
2362 1682 2624 1767 aversa
2686 1680 2880 1767 facie
2947 1683 3301 1768 medium

348 1827 628 1887 tenent
689 1800 852 1885 bini
915 1802 1213 1915 Angeli
1277 1800 1574 1887 sacram
1644 1799 2000 1884 Pixidem
2066 1796 2567 1903 sustinentes,
2607 1830 2788 1885 cum
2858 1799 3081 1886 solita
3144 1798 3303 1912 epi·
3611 1802 3736 1879 s

346 1921 646 2053 graphe
707 1925 1309 2006 SANGVINIS
1374 1924 1550 2004 XPI
1615 1922 1999 2004 IHESV.
2092 1920 2371 2031 Quum
2440 1915 2821 2003 Carolum
2886 1924 2986 2002 V.
3011 1923 3304 2004 Bono·

345 2036 478 2123 nia
546 2038 1059 2144 redeuntem,
1119 2038 1255 2123 ubi
1292 2034 1576 2125 fuerat
1653 2066 1699 2121 a
1760 2036 2193 2122 Clemente
2260 2040 2449 2119 VII.
2511 2035 2915 2149 Imperiali
3005 2063 3301 2121 corona

342 2155 817 2264 redimitus,
881 2164 1236 2243 Mantuae
1296 2156 1775 2242 vl11.Ka1.
1838 2152 2136 2269 Aprilis
2202 2158 2634 2239 MDXXX.
2697 2149 3331 2269 magnificentis-

339 2275 529 2359 sime
594 2275 1036 2361 Fridericus
1097 2273 1574 2390 excepiffet3
1638 2271 1938 2375 Caesar,
1997 2298 2085 2356 ut
2155 2298 2383 2355 tanto
2444 2270 2782 2388 Principi
2848 2302 2989 2388 pro
3050 2274 3296 2385 singu-

339 2389 635 2479 laribus
698 2393 863 2503 ejus
927 2392 1278 2497 meritis,
1338 2342 1759 2526 officiisque
1826 2389 1959 2473 fibi
2025 2390 2102 2472 in
2170 2388 2413 2474 armis
2474 2389 2821 2505 praestitis
2882 2392 3297 2507 praemium

340 2510 860 2623 rependeret,
917 2540 1100 2597 eum
1133 2510 1415 2598 Ducali
1477 2508 1871 2625 dignitate
1935 2509 2525 2617 condecoravit,
2560 2537 2721 2624 quo
2784 2507 3023 2597 titulo
3083 2508 3304 2605 dein-

339 2657 520 2741 ceps
580 2627 894 2711 nummi
956 2628 1301 2743 infigniti
1364 2628 1581 2715 sunt.

519 2744 912 2830 Earndem
978 2746 1357 2863 Principis
1414 2745 1852 2859 imaginem
1917 2775 2100 2833 cum
2164 2745 2330 2856 ejus
2392 2728 2718 2832 nomine
2780 2742 2864 2831 in
2929 2740 3288 2881 margine

335 2887 663 2949 exarato
739 2863 823 2947 in
884 2891 1263 2978 argenteo
1324 2864 1746 2951 undecimo
1807 2868 2420 2979 perpendimus.
2519 2871 2597 2951 A
2662 2891 2889 2980 tergo
2985 2867 3290 2951 eminet
3350 2862 3494 2947 xl.

332 2981 664 3071 Sanflus
725 2981 1135 3119 Longinus
1194 3012 1375 3068 cum
1441 2981 1849 3087 lemmate,
1911 3012 1995 3069 ut
2057 2984 2137 3070 in
2205 2982 2330 3098 sep
2338 2986 2579 3070 timo.

514 3103 610 3186 In
672 3101 1051 3186 anteriori
1114 3098 1562 3191 duodecimi
1625 3101 1980 3215 argentei
2044 3103 2360 3190 nummi
2422 3100 2616 3189 facie
2653 3099 3036 3189 habemus
3070 3103 3292 3187 Gon·

331 3213 564 3304 ziacae
648 3218 909 3332 gentis
991 3217 1299 3308 scutum
1402 3219 1881 3308 tefl‘erarium
1966 3221 2338 3308 Friderici
2422 3221 2746 3310 nomine
2827 3219 3287 3337 circumsep-
3346 3217 3531 3303 XII.
3628 3303 3638 3309 .

330 3362 554 3422 turn.
648 3344 744 3424 In
809 3336 1213 3454 posteriori
1275 3336 1653 3425 SanRum
1738 3339 2202 3452 Longinum
2283 3342 2366 3425 in
2428 3369 2687 3456 genua
2770 3338 3290 3456 provolutum

333 3452 624 3541 sacram
691 3454 1053 3543 Pixidem
1121 3456 1341 3542 Divo
1375 3460 1706 3544 Andreoe
1770 3458 1997 3542 stanti
2065 3458 2963 3572 porrigentem,additis
3022 3459 3103 3544 in
3147 3457 3292 3545 cir·

335 3573 556 3659 cuitu
620 3575 743 3662 his
784 3580 1112 3662 vocibus
1175 3582 1580 3663 NICHlL
1644 3580 1907 3662 ISTO
1966 3582 2390 3664 TRISTE
2451 3584 3026 3664 RECEPTO.
3091 3585 3298 3663 Lon·

336 3691 569 3804 ginus
633 3693 798 3807 post
862 3692 1151 3778 Christi
1216 3697 1638 3807 passionem
1702 3693 2208 3779 Catholicam
2310 3693 2672 3811 profeffus
2736 3696 3294 3833 Religionem,

337 3811 445 3892 ob
507 3807 674 3918 ejus
735 3808 1288 3895 confeffionem
1351 3841 1564 3897 anno
1625 3817 1913 3898 LXXI.
1991 3814 2261 3900 Idibus
2324 3812 2605 3899 Martii
2691 3815 3067 3925 Martyrii
3135 3814 3294 3929 pal·

332 3954 470 4014 ma
542 3935 899 4012 Mantuae
960 3955 1385 4015 coronatus
1446 3929 1550 4016 est
1572 3929 1891 4043 ,ibique
1955 3930 2175 4017 sacrat
2238 3930 2812 4048 ejusReliquiae
2837 3931 3291 4019 servantur.

513 4047 606 4128 In
673 4043 987 4130 decimo
1050 4048 1290 4131 tertio
1349 4077 1589 4134 aureo
1651 4078 1988 4133 nummo
2051 4050 2403 4135 cernitur
2471 4049 2636 4159 ejus
2699 4050 3077 4166 Principis
3136 4050 3292 4138 scu·

332 4182 510 4250 tum
618 4158 1098 4249 refferarium
1201 4194 1383 4250 cum
1485 4164 1989 4279 inscriptione
2078 4172 2712 4253 FEDERICVS
2796 4172 2902 4252 11.
2997 4174 3283 4254 MAN·
3350 4167 3575 4253 xm.

323 4282 659 4367 TvAE
717 4285 956 4365 DVX
1018 4286 1082 4366 1.
1144 4286 1222 4369 A
1286 4309 1511 4394 tergo
1572 4281 1954 4397 insculpta
2016 4312 2347 4399 apparet
2374 4283 2802 4370 Salvatoris
2862 4285 3098 4368 nostri
3160 4285 3288 4371 de·

330 4399 675 4483 nudata
708 4395 1053 4511 imago,
1115 4400 1571 4485 Christianae
1637 4400 1956 4486 Pietatis
2016 4400 2525 4510 symbolum,
2603 4431 2788 4488 cum
2850 4402 3283 4519 epigraphe

330 4515 425 4603 81
491 4521 1131 4602 LABORATIS
1196 4521 1437 4602 EGO
1499 4522 2110 4604 REFICIAM.

510 4641 848 4721 Aureus
888 4634 1243 4723 decimus
1301 4663 1626 4751 quartus
1686 4635 1768 4721 in
1830 4635 2202 4725 omnibus
2260 4638 2635 4773 consonat
2713 4666 2898 4725 cum
2975 4668 3288 4727 antece·

1753 4757 1824 4840 F
2996 4761 3147 4848 den

290 4945 555 4980 ’ῃ
2388 4957 2606 4986 —fl—
2833 4954 3291 4989 ...ιι-...-

341 5022 453 5124 (1)
507 5027 953 5101 Memoratur
1008 5024 1119 5101 hic
1175 5049 1502 5101 nummus
1575 5024 1646 5101 in
1710 5025 2275 5105 proclamatione
2345 5030 2674 5105 Ferraria
2748 5025 3106 5125 publicata
3161 5033 3280 5112 die

440 5128 666 5225 prima
722 5127 1086 5203 Februarii
1139 5132 1575 5204 MDxxv1.
1619 5186 1640 5220 ‚
1692 5133 1761 5206 8<
1820 5159 1859 5205 a
1915 5157 2027 5205 me
2079 5135 2410 5232 evulgata
2468 5134 2542 5207 in
2598 5126 2778 5206 libro
2832 5153 2989 5203 cum
3058 5138 3279 5215 titulo

444 5246 520 5304 τ’..
561 5227 741 5305 Deu’
788 5232 1012 5305 antica
1060 5234 1227 5309 Lim
1275 5233 1611 5330 Ferrarese
1656 5237 1730 5310 di
1777 5233 2183 5326 Marchqfini
2234 5236 2378 5307 &a
2429 5262 2584 5339 pag.
2633 5255 2759 5334 93.
2811 5232 2880 5304 δι
2934 5231 3073 5337 seq.
