4554 6345
970 511 1373 621 NoN
1487 496 2640 617 Ενυιᾱᾰῖῑε.
3075 538 3117 625 5

337 727 440 815 tis
502 730 775 817 visitur
835 729 1047 817 urbis
1110 731 1455 845 insigne,
1500 724 2132 842 subsequentibus
2182 726 2503 811 vocibus
2560 732 2709 810 DE
2757 732 3297 813 ANCONA.

394 876 399 887 ·
522 854 968 981 Argenteus
1027 877 1350 963 quartus
1415 848 2117 933 ostenditCrucem
2184 843 2447 937 Sanffl
2502 845 2970 929 Prote-{loris
3033 845 3288 929 nomi-
3349 849 3495 933 IV.

339 993 439 1049 ne
510 964 1162 1081 circumseptam:
1228 997 1273 1050 a
1341 994 1562 1078 tergo
1627 964 1917 1076 legitur
1979 965 2132 1044 DE
2198 967 2738 1047 ANCONA.

522 1085 825 1167 Eadem
852 1112 1166 1197 quoque
1193 1091 1472 1185 Crux,
1489 1111 1567 1165 et
1592 1081 1835 1166 Urbis
1864 1108 2153 1161 nomen
2196 1080 2421 1162 nobis
2446 1078 3029 1187 objiciunturm
3071 1080 3310 1193 quin·

339 1224 426 1281 to
466 1228 846 1310 argenteo
877 1230 1261 1302 nummo,
1283 1199 1360 1282 in
1389 1199 1604 1307 cujus
1641 1196 1909 1281 circuli
1954 1194 2411 1278 summitate
2443 1197 2607 1281 duae
2653 1198 2912 1281 claves
2951 1196 3284 1282 decuffa·
3342 1202 3445 1283 V.

340 1341 436 1398 tae
464 1315 1087 1427 conspiciuntur.
1124 1316 1487 1400 Ostendit
1529 1314 1809 1428 postica
1836 1312 2209 1395 Sanffium
2242 1313 3098 1422 Cyriacumstantem,
3121 1317 3304 1397 dex-

342 1457 506 1515 tera
549 1434 866 1516 benedic
833 1462 1196 1535 entem,
1259 1432 1544 1517 finistra
1593 1436 1932 1516 Crucem
1988 1430 2546 1536 sustinentem,
2610 1462 2788 1516 cum
2871 1432 3296 1548 epigraphe

337 1553 425 1632 Ρ.
457 1556 535 1632 Ρ.
561 1553 634 1635 S.
677 1554 1368 1677 QVIRIACVS.

522 1671 614 1749 In
653 1665 871 1767 sexto
910 1693 1290 1779 argenteo
1336 1694 1675 1750 nummo
1721 1663 2146 1777 insculptus
2194 1692 2522 1779 apparet
2564 1666 2714 1749 Vir
2755 1667 3301 1782 cataphraflus

342 1782 688 1867 currenti
753 1814 958 1898 equo
1019 1785 1354 1868 insidens
1416 1782 1798 1895 (stemma
1858 1812 1904 1866 a
1945 1780 2302 1888 Trajano
2374 1788 2915 1914 Imperatore,
2971 1787 3106 1897 qui
3149 1793 3303 1871 Ur·

347 1897 470 1981 bis
534 1906 859 1987 Portum
912 1901 1421 2003 restauravit,
1478 1899 1994 2010 ornavitque,
2029 1896 2550 1983 Anconitanis
2602 1899 3104 2005 concessum)
3167 1902 3299 1983 ad-

348 2014 535 2100 ditis
597 2016 679 2099 in
742 2017 1077 2103 circuitu
1139 2017 1261 2102 his
1325 2016 1653 2101 vocibus
1716 2020 2118 2099 ANCON
2183 2023 2282 2098 D.
2320 2020 2776 2101 CIVITAS
2843 2020 3506 2124 F1DE155-V1.

350 2133 508 2216 dest
572 2139 889 2215 Ancona
952 2135 1224 2214 Dorica
1285 2130 1414 2246 (1)
1476 2135 1787 2214 Civitas
1849 2129 2140 2216 Fidei.
2240 2136 2334 2215 In
2398 2130 2664 2218 aversa
2726 2129 2925 2220 facie
2989 2134 3294 2220 eminet

347 2249 610 2335 SanS’ti
678 2249 1149 2337 Protectoris
1214 2278 1630 2363 protome,
1694 2275 1779 2335 ut
1842 2248 1920 2333 in
1989 2249 2417 2335 anteriori.

525 2370 676 2452 Vir
738 2368 1281 2481 cataphrafflus
1305 2370 1547 2455 Urbis
1611 2367 1937 2452 nomine
2002 2366 2652 2454 circumvallatus
2713 2364 3125 2483 inspicitur
3160 2399 3292 2484 pa·
3347 2375 3537 2458 VII.

345 2481 539 2569 riter
600 2484 680 2569 in
750 2486 1085 2601 septimo
1149 2492 1698 2595 argente0.1n
1765 2486 2113 2599 opposita
2182 2511 2401 2598 parte
2468 2484 2670 2570 bina:
2737 2488 2996 2573 claves
3057 2489 3138 2572 in
3175 2491 3304 2573 de·

220 2626 229 2635 “
346 2604 615 2690 cuffim
682 2602 1064 2714 trajestae,
1124 2633 1309 2691 cum
1370 2601 1875 2731 inscriptione
1936 2606 2021 2687 S.
2081 2607 2626 2689 KIRIACVS
2693 2610 2936 2714 EPS3
3000 2605 3080 2692 in
3143 2634 3302 2692 me·

342 2718 484 2804 dio
549 2727 610 2804 F
617 2726 920 2806 IDEs

538 2844 981 2953 Argenteus
1041 2839 1363 2928 offlavus
1430 2841 1868 2927 maximam
1933 2838 2404 2926 affinitatem
2447 2841 2686 2927 habet
2747 2873 2929 2930 cum
2979 2870 3287 2929 antece·
3344 2844 3580 2930 VIII.

348 2956 620 3040 denti·
598 2987 919 3065 ,verum
972 2989 1017 3043 a
1058 2957 1357 3044 diversa
1423 2959 1756 3045 matrice
1822 2958 2172 3073 prodiiffe
2214 2958 2389 3070 quis
2445 2988 2604 3043 non
2631 2959 2964 3044 viderit.
2954 2973 2990 3019 ⁹
3024 2968 3309 3045 Praeter

354 3073 587 3158 hosce
653 3076 753 3159 ab
816 3074 1333 3160 Anconitano
1378 3077 1674 3192 populo
1716 3075 1928 3160 cusos
1991 3104 2367 3159 nummos
2404 3133 2434 3180 ,
2491 3075 2790 3190 placuit
2855 3078 3130 3178 nobis,
3189 3106 3310 3160 ce-

313 3191 771 3276 ·leberrimi
841 3195 1265 3278 Muratorii
1334 3194 1673 3307 vestigiis
1731 3193 2334 3296 inhaerentibus,
2395 3190 2523 3279 sex
2589 3220 2959 3298 tantum,
3003 3196 3311 3279 caeteris

352 3308 930 3425 praetermissis,
949 3309 1026 3393 in
1068 3310 1449 3396 Marchiae
1509 3310 1925 3396 Provincia
1989 3311 2434 3421 obfignatos
2495 3310 2917 3422 evulgare.
2959 3341 3298 3425 quorum

352 3456 668 3542 primus
728 3454 1146 3538 argenteus
1187 3429 1517 3513 ostendit
1550 3427 1925 3514 Sanflum
1985 3432 2304 3511 Petrum
2370 3426 2448 3510 in
2502 3425 2865 3512 navicula
2915 3428 3112 3513 retia
3154 3456 3306 3528 tra·
3365 3435 3507 3516 IX.

353 3547 751 3651 hentem‚
812 3544 1012 3630 hisce
1071 3548 1331 3631 verbis
1384 3547 1467 3628 in
1512 3550 1698 3630 orbe
1745 3543 2084 3630 exaratis
2122 3549 2198 3628 S.
2221 3550 2354 3627 PE
2357 3547 2655 3629 rRVS
2721 3550 3314 3631 MARCHIA.

336 3667 427 3749 A
505 3689 733 3773 tergo
797 3662 1292 3748 vifiturSixti
1333 3669 1470 3746 IV.
1496 3661 1988 3775 gentilitium
2058 3657 2361 3744 scutum
2427 3663 2510 3746 In
2546 3660 3016 3746 Pontificem
3075 3661 3305 3747 eleffi

341 3807 577 3864 anno
618 3780 907 3864 Christi
979 3785 1662 3865 MCCCCLXXI.
1722 3785 1824 3863 V.
1887 3779 2069 3862 Idus
2132 3777 2495 3864 Sextilis.

527 3899 689 3981 Sub
754 3897 1037 3980 eodem
1103 3897 1482 3983 Pontifice
1545 3895 1729 3982 fatis
1805 3895 2077 3980 sunao
2175 3893 2422 4008 pridie
2504 3899 2688 3985 Idus
2773 3897 3104 4009 Augusti
3174 3903 3305 3981 M-

345 4017 1115 4099 CCCCLXXXIV.
1176 4014 1556 4129 percussus
1602 4016 1705 4099 est
1744 4043 1978 4098 aereus
2041 4012 2444 4097 decimus.
2507 4017 2628 4100 Ibi
2673 4044 3035 4129 protome
3104 4013 3290 4098 Divi
3358 4022 3457 4102 X.

343 4129 574 4216 Petri
641 4132 953 4245 pefilore
1019 4157 1244 4216 tenus
1308 4163 1488 4218 cum
1553 4132 1935 4218 lemmate
1997 4134 2072 4215 S.
2116 4134 2551 4219 PE'IRVS
2617 4133 3165 4219 MARCHia.
3203 4139 3294 4216 In

345 4248 721 4363 opposita
784 4248 1183 4332 Pontificis
1246 4250 1622 4353 stemma,
1686 4278 1771 4333 ut
1824 4248 1906 4331 in
1969 4245 2411 4330 anteriori.

538 4370 634 4449 In
701 4366 1125 4451 undecimo
1185 4395 1565 4478 argenteo
1627 4365 2047 4449 exhibetur
2126 4362 2322 4473 Julii
2406 4371 2517 4450 II.
2612 4373 2798 4454 Icon
2870 4363 3316 4472 refferaria,

360 4481 499 4599 qui
562 4480 717 4569 fuit
782 4490 1024 4568 Anno
1102 4488 1439 4567 MDIII.
1501 4482 1689 4568 Kal.
1751 4481 2237 4566 Novembris
2303 4483 2666 4571 Pontifex
2754 4483 3305 4569 renunciatus.
3376 4493 3513 4573 XI.

367 4600 668 4690 Aversa
733 4631 908 4719 pars
968 4601 1434 4688 Sanflorum
1497 4599 2059 4716 Apostolorum
2125 4597 2381 4684 Paulli
2444 4660 2472 4707 ‚
2561 4628 2642 4689 et
2705 4602 2916 4688 Petri
2980 4599 3314 4684 ostendit

3001 4717 3195 4803 ima-

360 4874 1716 4908 --ῇ--ᾕ--ιῌ
1730 4875 2397 4902 -η--ι-ι
2406 4875 2852 4904 -ι--ι-ι
2861 4871 3309 4899 -n-——

363 5011 476 5117 (1)
535 5012 837 5091 Doricos
890 5013 1279 5090 fundaviss'e
1338 5019 1761 5106 Anconam,
1800 5014 2094 5131 ejusque
2147 5015 2369 5089 Cives
2423 5014 2764 5088 summam
2814 5009 3077 5124 semper
3128 5004 3306 5082 fide·

465 5114 750 5192 litatem
809 5117 1132 5192 Ecclefiae
1186 5115 1633 5214 praestitisse,
1707 5115 1980 5227 egimus
2030 5114 2108 5193 in
2158 5118 2523 5219 praecitata
2576 5109 3124 5201 Differtatione,
3206 5108 3292 5180 ad

464 5243 679 5319 quam
732 5217 1017 5296 avidum
1072 5217 1413 5297 lefilorem
1475 5213 1955 5295 remittimus.
