4554 6345
930 453 1307 568 NoN
1478 453 2263 603 EVULGA
2309 456 2640 569 τις.
3011 495 3134 601 13

320 676 621 770 diolani
685 701 875 765 tunc
934 677 1298 765 Domino
1356 678 1605 766 Urbis
1665 680 2082 798 regimen,
2137 682 2398 799 quoad
2463 681 2828 788 viveret,
2866 679 3289 768 demanda·

324 825 518 905 tur,
575 797 788 913 quod
849 796 1192 910 contigit
1251 824 1462 882 anno
1525 804 2235 889 MCCCXLVIII.
2295 801 2468 887 Post
2531 799 2987 885 Luchinum
3052 800 3284 903 Ioan-

324 945 464 1003 nes
518 915 684 1027 ejus
722 910 969 1001 frater
1029 912 1285 1001 tenuit
1346 914 1926 1032 principatum.
1991 919 2211 1005 Huic
2274 918 2611 1006 succeffit
2678 915 3094 1002 Galeatius
3153 946 3286 1000 ne·

324 1063 466 1149 pos
484 1062 512 1142 ;
574 1030 949 1119 Galeatio
1008 1040 1350 1146 Joannes
1410 1033 1828 1120 Galeatius
1888 1042 2185 1123 Comes
2243 1036 2697 1140 Virtutum,
2724 1032 2866 1148 qui
2925 1030 3286 1121 Valenti-

321 1182 512 1238 nam
578 1146 824 1235 filiam
861 1147 1076 1236 suam
1142 1147 1553 1236 Ludovico
1579 1151 2197 1239 Aurelianorum
2259 1150 2606 1268 Principi
2670 1178 3006 1236 uxorem
3069 1178 3286 1235 com·

322 1270 655 1356 mittens
711 1295 928 1353 anno
972 1270 1745 1355 MCCCLXXXVI.
1804 1268 1878 1354 ei
1940 1270 2145 1358 dotis
2206 1270 2534 1357 nomine
2624 1270 2909 1355 urbem
2975 1267 3296 1383 affigna·

328 1386 491 1474 vit.
553 1387 856 1472 Saeculo
916 1386 1285 1472 revoluto
1343 1383 1818 1473 haereditatis
1844 1386 2011 1498 jure
2073 1388 2171 1475 ad
2233 1388 2739 1477 Ludovicum
2804 1391 2986 1472 XII.
3048 1391 3292 1470 Fran·

323 1534 602 1590 corum
666 1510 972 1616 Regem
1040 1504 1227 1590 Asta
1288 1499 1658 1608 devenit,
1738 1506 1816 1588 8<
1907 1510 2060 1592 hoc
2154 1503 2427 1591 funflo
2487 1567 2515 1612 ,
2591 1505 2692 1591 ad
2787 1502 3288 1592 succefl‘orem

325 1620 830 1708 Franciscum
915 1619 1147 1732 hujus
1226 1618 1577 1706 nominis
1652 1621 2013 1737 primum
2070 1683 2098 1730 ,
2151 1653 2315 1737 quo
2396 1623 2843 1739 imperante
2903 1650 3289 1710 nummus

383 1738 750 1826 ercuffus.

326 1771 380 1855 p
507 1862 600 1942 In
664 1856 933 1941 antica
990 1852 1255 1971 quarti
1315 1855 1675 1970 argentei
1740 1856 2056 1944 nummi
2120 1857 2433 1946 eminet
2531 1856 2805 1945 Caroli
2865 1863 2967 1942 V.
3034 1861 3296 1971 Impe-

324 1974 616 2060 ratoris
676 2001 916 2088 caput
978 2002 1267 2059 corona
1331 1964 1795 2060 redimitum
1845 2035 1871 2077 ,
1932 1975 2192 2063 verbis
2271 1977 2356 2062 in
2420 2006 2710 2091 gyrum
2778 1972 3043 2089 politis
3105 1979 3286 2059 CA·
3345 1980 3494 2061 IV.

322 2096 722 2179 ROLVS.
784 2098 884 2176 V.
947 2096 1680 2177 IMPERATOR.
1742 2090 2058 2180 Praefert
2121 2094 2409 2209 postica
2470 2094 2661 2180 duas
2720 2091 3290 2197 columnas‚&

329 2207 545 2295 urbis
631 2237 925 2293 nomen
1004 2213 1221 2295 AST
1272 2267 1297 2291 .
1394 2213 1591 2293 Pace
1679 2208 1890 2295 inter
1952 2213 2337 2299 Carolum
2430 2218 2584 2316 V.‚
2647 2214 2726 2295 8(
2788 2208 3292 2297 Franciscum

328 2325 751 2412 Gallorum
817 2333 1128 2437 Regem
1193 2324 1614 2411 conciliata
1678 2356 1892 2412 anno
1954 2335 2470 2438 MDXX1X3
2561 2330 2874 2435 Astam,
2930 2327 3049 2415 uti
3114 2356 3294 2412 con·

331 2469 775 2548 venerant,
835 2442 1086 2528 Caesar
1145 2442 1256 2528 sui
1317 2441 1510 2554 juris
1568 2442 1754 2530 fecit
1790 2505 1815 2549 ,
1850 2475 2093 2560 quam
2162 2447 2418 2562 postea
2481 2447 2778 2532 Cat-olo
2839 2451 2948 2529 ΙΙ.
3007 2446 3297 2531 Saban-

332 2560 481 2645 diae
544 2560 754 2646 Duci
819 2561 1027 2644 dono
1111 2559 1327 2646 dedit
1373 2620 1401 2667 ‚
1480 2559 1616 2647 sub
1696 2564 1913 2673 cujus
1993 2564 2377 2678 Progenie
2458 2565 2712 2649 adhuc
2808 2561 3296 2679 perseverat;

328 2678 875 2791 Prin'cipatum
940 2678 1171 2761 hodie
1234 2676 1543 2764 summa
1607 2710 1789 2765 cum
1857 2681 2085 2767 laude
2147 2682 2569 2768 sustinente
2628 2678 2987 2768 Viciorio
3048 2686 3297 2765 Ama·

330 2798 546 2900 deo,
602 2824 839 2908 quem
907 2801 1124 2881 Deus
1184 2795 1568 2911 Optimus
1632 2797 2046 2885 Maximus
2104 2799 2201 2886 ad
2265 2800 2580 2887 suorum
2643 2797 3134 2887 subditorum
3179 2795 3306 2880 lae-

334 2911 598 3001 titiam
666 2912 1089 2999 diutiffime
1149 2912 1643 3003 incolumem
1708 2943 2075 3005 tueatur.

1235 3132 2399 3245 BERGOMI.

330 3273 985 3506 BErgomum
1050 3392 1354 3480 vetusta
1418 3390 1784 3478 Insubriae
1850 3394 2030 3480 urbs
2090 3396 2191 3480 ab
2255 3391 2603 3482 Etruscis
2665 3391 2745 3477 in
2816 3393 3006 3506 jugo
3071 3420 3300 3478 mon-

332 3508 435 3594 tis
493 3512 860 3615 condita,
919 3513 996 3594 8(
1058 3511 1426 3597 a‘Gallis
1481 3512 1984 3597 Caenomanis
2046 3511 2332 3598 tesedia
2393 3572 2419 3617 ‚
2480 3514 2558 3595 8(
2621 3513 2846 3597 aufia
2905 3569 2931 3615 ,
2991 3510 3068 3596 in
3138 3516 3301 3595 Ro·

334 3656 755 3712 manorum
823 3629 1145 3713 tandem
1215 3628 1433 3713 venit
1499 3627 2181 3743 potestatem‚sub
2241 3630 2526 3743 quibus
2588 3631 3029 3714 constanter
3083 3628 3294 3712 haestt

332 3745 433 3829 ad
498 3746 772 3829 Attilae
835 3745 1070 3858 usque
1135 3771 1495 3858 tempora
1554 3805 1583 3851 ,
1642 3776 1690 3832 a
1751 3776 1963 3860 qu0,
2022 3773 2112 3830 ut
2181 3747 2498 3832 Paullus
2581 3745 2979 3832 Diaconus
3044 3744 3298 3861 perhi-

333 3863 526 3964 bet,
586 3862 782 3946 adeo
843 3865 1140 3958 vastata
1185 3922 1211 3964 ,
1292 3866 1368 3944 8(
1432 3863 1735 3978 direpta
1784 3923 1810 3969 ‚
1874 3892 1960 3948 ut
2024 3861 2240 3978 paene
2305 3862 2602 3948 deserta
2668 3864 3074 3949 videretur
3122 3921 3142 3946 .
3231 3868 3306 3946 A

337 3980 674 4066 Civibus
733 3979 831 4062 ad
897 3978 1023 4063 sua
1089 3981 1664 4066 revertentibus
1734 3981 2148 4096 paullatim
2220 3984 2635 4066 restaurata
2683 4041 2710 4085 ‚
2774 3983 3302 4066 Barbarorum

337 4098 421 4181 in
486 4095 807 4180 Italiam
873 4096 1493 4211 irrumpentium
1540 4158 1567 4202 ,
1629 4097 2133 4211 maximeque
2224 4101 2933 4210 Longobardorum
3021 4097 3305 4210 jugum

341 4214 683 4315 sustulit,
745 4216 823 4296 8(
888 4211 1088 4296 hisce
1153 4245 1195 4297 a
1264 4216 1560 4299 Carolo
1625 4222 1936 4327 Magno
1998 4216 2374 4319 domitis,
2439 4216 2512 4300 ei
2582 4215 2828 4300 ltaliae
2892 4217 3301 4326 Reges,&

341 4331 671 4428 Caesares
734 4332 942 4446 leges
983 4326 1292 4414 dixere.
1354 4333 1847 4418 Libertatem
1911 4333 2007 4415 ad
2076 4361 2515 4417 ceterarum
2565 4333 2813 4418 Italiae
2854 4333 3307 4418 Civitatum

343 4449 801 4564 exemplum
870 4457 1389 4561 Bergomates
1447 4450 1704 4553 naffi,
1764 4449 2043 4535 creatis·
2110 4450 2245 4534 fibi
2315 4448 2686 4535 Antianis
2726 4511 2752 4553 ,
2813 4454 2888 4533 8(
2952 4445 3310 4534 Consuli-

348 4569 491 4651 bus
551 4570 645 4651 ad
714 4567 923 4651 urbis
989 4566 1347 4677 regimen
1408 4625 1434 4670 ‚
1492 4567 1787 4650 foedera
1851 4596 2033 4649 cum
2104 4567 2693 4653 circumvicinis
2759 4567 3069 4682 populis
3150 4563 3310 4648 san·

346 4688 502 4769 cire
548 4745 573 4788 ‚
636 4684 949 4797 suosque
1034 4713 1411 4766 nummos
1476 4685 1771 4796 signare
1855 4712 2320 4798 coeperunt,
2378 4715 2713 4799 quorum
2783 4687 2975 4769 duos
3038 4711 3317 4794 argen-

350 4831 516 4887 teos
577 4801 914 4907 ejusdem
980 4798 1229 4885 ferme
1292 4801 1549 4914 eclypi
1616 4803 1742 4886 bic
1808 4804 2426 4905 exhibemu3‚ex
2492 4832 2643 4886 una
2711 4830 2928 4920 parte
2995 4800 3293 4885 aedifici·
3355 4800 3459 4881 11.

345 4947 485 5004 um
555 4921 985 5022 turritum,
1045 4922 1121 5002 8(
1187 4918 1397 5004 urbis
1459 4949 1750 5003 nomen
1847 4919 2385 5035 praeferet-itm,
2449 4951 2544 5005 ex
2608 4921 2859 5006 altera
2926 4918 3303 5005 Friderici
3451 4999 3468 5012 ,

351 5036 863 5151 Imperatoris
923 5038 1252 5123 nomine
1311 5033 1717 5154 inscriptos
1739 5065 1782 5150 -3
1845 5043 1922 5122 8(
1989 5038 2176 5127 licet
2237 5040 2339 5126 ab
2403 5041 2869 5128 AEnobarbo
2931 5038 3053 5153 jus
3109 5041 3309 5122 Zec·'

3025 5154 3190 5241 chae
