4554 6345
258 607 604 717 Joannes
668 596 1029 685 Medices
1087 594 1411 684 Militiae
1499 595 1840 685 Cesareae
1919 590 2336 684 Praefestus
2400 595 2669 684 Senas
2755 496 3259 710 gratimgbfi.

378 719 615 808 dione
677 717 977 834 cingit,
1035 744 1116 806 et
1179 744 1510 835 occupat
1548 773 1572 799 .
1627 724 1775 827 96.

258 1069 633 1159 Lavaniae
696 1069 1120 1158 Comitum
1189 1074 1589 1157 Monetae.
1645 1071 1856 1156 Tab.
1923 1073 2069 1154 VI.

256 1197 495 1277 Lucae
558 1194 955 1275 Monetae.
1012 1192 1223 1275 Tab.
1293 1195 1486 1273 VII.

255 1307 645 1395 Lucenses
720 1337 767 1394 a
833 1304 1127 1393 Carolo
1205 1311 1350 1391 IV.
1414 1312 1904 1420 Imperatore
2018 1302 2100 1389 in
2185 1299 2641 1390 libertatem
2726 1298 3027 1389 afferti.
3100 1330 3236 1413 33.

379 1426 749 1539 quando,
812 1455 893 1512 et
952 1425 1359 1539 quomodo
1421 1430 1494 1510 S.
1517 1424 1899 1511 Crucifixi
1959 1423 2234 1533 imago
2265 1430 2572 1509 Lucam
2637 1421 3060 1506 translata.
3109 1447 3237 1528 34.

259 1543 742 1779 Lugl'pgffi‘uss
760 1541 1065 1779 δῑξὲιία
1126 1542 1576 1631 Mediolani
1638 1550 1832 1631 Dux
1909 1573 1961 1629 a
2019 1540 2356 1628 Gallicis
2434 1538 2685 1629 armis
2770 1534 3234 1653 Principatu

1678 1848 1833 1960 M

243 2019 727 2126 Macerata‚
782 2016 1131 2134 quando,
1165 2042 1246 2105 et
1304 2045 1353 2102 a
1412 2014 1695 2132 quibus
1753 2015 2130 2104 fundata.
2198 2047 2331 2133 35.
2390 2022 2466 2104 Α
2531 2013 2877 2105 Nicolao
2939 2018 3043 2098 11.
3106 2041 3232 2098 ce·

376 2136 577 2221 lebri
642 2136 1171 2223 scientiarum
1236 2136 1675 2246 Gymnafio
1736 2138 2351 2223 condecoratur.
2453 2145 2584 2248 36.
2690 2132 3044 2249 Quando
3107 2130 3225 2240 jus

367 2256 738 2343 cudendae
804 2254 1146 2370 pecuniae
1208 2252 1685 2340 obtinuerit.
1758 2283 1890 2367 37.
1953 2255 2146 2364 Ejus
2209 2256 2595 2342 Nummi.
2662 2256 2872 2339 Tab.
2936 2255 3126 2335 VII.

250 2372 702 2485 Margarita
762 2372 1035 2458 Caroli
1097 2378 1198 2456 V.
1259 2400 1359 2456 ex
1423 2377 1766 2459 contub
1746 2374 1951 2459 ·rnio
2043 2373 2203 2460 filia
2268 2371 2731 2458 Alexandro
2795 2366 3230 2456 Florentiae

366 2490 584 2577 Duci
646 2488 1182 2624 desponsa-tur.
1243 2518 1384 2601 73.
1447 2491 1639 2577 Inde
1701 2490 2052 2578 Oflavio
2112 2492 2523 2577 Farnelio.
2549 2520 2683 2600 24.
2743 2487 3004 2602 Belgii
3063 2517 3233 2573 mo-

367 2607 718 2694 deratrix
780 2607 1244 2694 constituta.
1306 2637 1449 2720 73.

259 2724 657 2827 Mantua,
720 2723 1185 2838 quando‚et
1246 2753 1291 2807 a
1354 2754 1514 2838 quo
1575 2724 1692 2835 jus
1753 2729 2075 2812 Zecchae
2139 2723 2732 2845 impetraverit.
2811 2754 2941 2837 37.
2977 2720 3230 2809 Primi

372 2844 548 2947 ejus
610 2840 952 2930 Numini
1012 2841 1112 2926 ad
1174 2839 1440 2958 scyphi
1503 2842 1843 2930 formam
1909 2843 2316 2933 fabricati.
2375 2845 2472 2928 ib.
2535 2844 2664 2931 Ad
2729 2842 3224 2927 Austriacam

374 2967 733 3048 Gentem
802 2959 1174 3048 translata
1237 2988 1374 3069 44.
1440 2960 1636 3068 Ejus
1694 2968 2088 3047 Monetae.
2152 2965 2366 3051 Tab.
2425 2969 2612 3047 Vll.
2674 2964 2906 3044 VIII.

272 3076 533 3168 Maffa
594 3078 1223 3166 Lombatdorum
1289 3082 1652 3194 quando,
1673 3109 1752 3165 et
1813 3112 1858 3165 a
1920 3112 2082 3196 quo
2143 3082 2311 3195 jure
2371 3083 2692 3168 Zecchae
2733 3078 3069 3164 donata.
3046 3103 3228 3191 ..45

390 3197 594 3308 Ejus
656 3201 997 3286 Nummi
1061 3195 1197 3282 sub
1262 3198 1672 3285 Francisco
1736 3202 2023 3285 Estenfi
2087 3205 2285 3289 cufi.
2344 3202 2553 3321 Tab.
2614 3204 2757 3283 IX.
3008 3223 3015 3230 ’

272 3315 830 3404 Mediolanum
915 3315 999 3401 in
1069 3315 1531 3430 potestatem
1595 3317 2183 3404 vicecomitum
2264 3318 2531 3405 venit.
2608 3325 2749 3423 46.
2811 3311 3225 3400 Francisco

385 3432 698 3524 Sfortiae
759 3435 830 3523 se
892 3434 1144 3523 subdit
1185 3463 1325 3542 49.
1387 3439 1518 3520 Ab
1577 3437 1821 3521 armis
1882 3436 2266 3523 Ludovici
2314 3441 2494 3523 XII.
2537 3442 3025 3521 Francorum
3074 3438 3236 3517 Re·

384 3552 512 3668 gis
573 3582 1058 3670 occupatur.
1125 3581 1259 3664 5ο.
1353 3557 1522 3638 Post
1583 3582 1925 3639 mortem
1999 3554 2385 3642 Francisci
2452 3562 2557 3641 11.
2653 3582 2701 3638 a
2763 3549 3061 3637 Carolo
3121 3557 3223 3635 V.

385 3671 605 3757 sacro
667 3673 1018 3788 Imperio
1077 3671 1611 3778 adjudicatur.
1674 3671 1771 3756 ih.
1842 3670 2031 3780 Ejus
2101 3680 2495 3759 Monetae.
2549 3675 2759 3759 Tab.
2800 3676 2942 3756 IX.
3018 3676 3116 3756 X.

269 3788 734 3878 Mirandula
795 3819 843 3875 a
903 3786 1122 3903 Julio
1187 3793 1289 3870 11.
1348 3818 1726 3906 occupata
1789 3790 2079 3903 Joanni
2144 3791 2553 3880 Francisco
2612 3791 2805 3879 Pico
2869 3788 3246 3877 traditur.

393 3938 534 4025 52.
596 3908 788 4021 Ejus
851 3915 1246 3996 Monetae.
1304 3911 1512 3994 Tab.
1575 3913 1712 4000 XI.
1873 3963 1880 3968 -

270 4027 631 4233 Montisl
676 4029 978 4114 Ferrati
1065 4032 1462 4113 Monetae.
1538 4030 1749 4115 Tab.
1809 4031 1951 4115 Xl'.
2034 4029 2228 4141 Ejus
2312 4029 2545 4119 Ditio
2638 4029 2734 4116 ad
2797 4032 3224 4143 Gonzagas

384 4173 604 4233 trans
636 4174 817 4234 ata.
886 4175 1020 4261 55.

264 4259 601 4353 Mutina
682 4264 817 4352 sub
885 4267 1316 4353 Estenfium
1381 4268 1760 4384 potestate
1857 4269 2166 4356 redaEla
2237 4297 2371 4384 57.
2462 4271 2542 4355 Α
2603 4260 3014 4352 Francisco
3075 4267 3223 4347 ΙΙΙ.

374 4392 613 4473 Duce
677 4388 1145 4492 restaurata,
1205 4413 1284 4472 et
1346 4386 1761 4502 splendidis
1823 4390 2166 4476 aedificiis
2239 4412 2667 4478 exornata.
2708 4388 2841 4497 58.
2904 4387 2993 4467 In
3060 4381 3231 4491 ejus

374 4504 689 4591 cultum
778 4533 1223 4590 marmorea
1306 4505 1673 4620 equestris
1732 4509 2009 4596 Statua
2106 4537 2153 4594 a
2219 4506 2555 4599 Civibus
2614 4503 3065 4593 excitatur.
3128 4499 3228 4584 ib.

377 4623 579 4733 Ejus
639 4624 983 4710 Nummi
1046 4626 1253 4709 Tab.
1317 4629 1498 4709 XII.

263 4740 844 4829 Mutinenfium
912 4740 1240 4828 vistoria
1304 4744 1399 4829 de
1461 4746 2080 4833 Bononienfibus
2137 4748 2235 4834 ad
2297 4743 2781 4862 Zapolinum
2853 4768 2988 4855 57.

263 4857 742 4950 Mutinensis
801 4858 1058 4951 Librae
1119 4861 1399 4953 diverfi
1464 4866 1768 4957 valores
1829 4864 2390 4959 enuntiantur.
2460 4893 2594 4984 59.

2912 5223 3122 5311 Nea·
