4554 6345
1391 514 1523 588 22
1948 468 2223 585 DE
2438 462 3512 582 MONETIS

2160 688 3303 805 CALARIS.

1255 944 1472 1164 IN
1532 1053 1906 1145 anteriori
1970 1053 2330 1172 argentei
2393 1050 2707 1141 nummi
2772 1050 3030 1138 fronte
3096 1045 3371 1139 visitur
3427 1055 3651 1139 Crux
3749 1077 3935 1135 cum
4001 1048 4244 1141 urbis

1126 1187 1192 1269 1.
1256 1177 1585 1265 nomine
1676 1177 1756 1261 in
1818 1176 2015 1262 orbe
2074 1201 2460 1262 exarato.
2551 1179 2640 1257 In
2728 1169 3027 1257 circulo
3107 1170 3407 1288 posticae
3488 1170 3784 1283 legitur
3842 1175 4245 1260 PRIMA

1250 1298 1676 1397 SEDES,
1756 1297 1835 1379 8<
1935 1293 2016 1378 in
2079 1292 2249 1397 ejus
2308 1320 2487 1377 area
2549 1288 2935 1406 insculpta
3029 1316 3355 1406 apparet
3417 1288 3647 1375 litera
3729 1292 3820 1372 L.
3865 1288 4243 1377 initialis

1245 1414 1501 1502 forsan
1593 1412 1943 1497 nominis
2023 1410 2236 1496 illius
2296 1407 2884 1524 Archiepiscopi
2940 1464 2969 1514 ,
3028 1406 3162 1494 sub
3221 1432 3387 1522 quo
3487 1432 3864 1493 nummus
3945 1405 4246 1520 cusus;

1242 1529 1644 1620 Leonardi
1707 1558 2043 1643 nempe,
2105 1555 2197 1615 ut
2257 1524 3066 1632 censeo,renunciati
3128 1552 3344 1612 anno
3406 1529 4027 1612 MCCXXXIX.
4048 1553 4253 1631 ,co-

1250 1646 1840 1735 herescentibus
1918 1676 2102 1733 cum
2168 1675 2268 1731 eo
2328 1672 2688 1759 tempore
2750 1643 3327 1731 charaReribus
3407 1640 3493 1729 in
3556 1670 3897 1729 nummo
3960 1643 4239 1760 depie-

1243 1768 1400 1856 tis.
1461 1765 1632 1881 Qui
1695 1766 2053 1853 Calarim
2116 1762 2737 1878 antiquissimam
2775 1763 3148 1848 Sardinia:
3212 1764 3493 1850 urbem
3554 1790 3602 1848 a
3663 1757 4226 1851 fundamentis

1243 1889 1691 1988 erexerint,
1752 1913 1911 1969 non
1977 1883 2083 1968 est
2142 1887 2497 1967 constans
2557 1881 2765 1997 apud
2834 1882 3527 1997 Historiographos
3588 1877 4021 1989 sententia3
4056 1907 4235 1967 ete·

1239 2006 1409 2091 nim
1481 1944 1878 2088 Diodorus
1937 2000 2243 2087 Siculus
2303 2030 2350 2084 a
2413 2001 2986 2105 Phocenfibus,
3044 1999 3461 2086 Pausanias
3524 1996 3712 2083 vero
3773 2024 3823 2083 a
3876 2002 4231 2087 Cartha·

1297 2122 1683 2206 inenflbus
1744 2118 1960 2205 fuiffe
2022 2118 2433 2203 conditam
2474 2117 2944 2230 prodidere.
3006 2120 3406 2205 Caeterum
3443 2115 4220 2251 quomodocumque

1237 2152 1316 2326 ie
1378 2240 1674 2323 habeat
1737 2266 1911 2342 res,
1975 2262 2288 2320 certum
2352 2261 2622 2319 tamen
2685 2235 2846 2342 est,
2904 2235 3272 2322 omnium
3336 2235 3613 2322 Insulae
3674 2232 3994 2322 urbium
4062 2233 4226 2324 effe

1237 2354 1855 2458 nobilissimam,
1931 2352 2201 2468 ibique
2262 2358 2636 2466 Proteges
2714 2354 2816 2438 ad
2876 2351 2995 2464 jus
3054 2352 3479 2443 dicendum
3562 2350 3826 2439 sedem
3910 2351 4221 2441 fixifl‘e.

1234 2473 1690 2560 Sardiniam
1752 2472 2143 2558 Romanis
2200 2470 2721 2585 antiquitus,
2779 2471 2963 2557 dein
3023 2472 3318 2560 Gothis
3365 2532 3394 2579 ,
3458 2470 3716 2608 postea
3799 2472 4219 2559 Pontifici·

1237 2590 1433 2697 bus,
1490 2589 1891 2677 Saracenis
1950 2590 2131 2676 inde
2173 2648 2202 2695 ,
2262 2586 2625 2695 Pisanis,
2682 2591 3197 2704 Januenfibus
3281 2589 3610 2708 paruisse
3695 2618 3799 2675 ex
3859 2587 4216 2679 historiis

1234 2707 1547 2796 abunde
1608 2705 2081 2794 didicimus.
2161 2651 2625 2795 Undecimo
2693 2708 2876 2793 inde
2938 2706 3265 2796 ineunte
3326 2705 3608 2795 saeculo
3689 2705 3862 2794 suos
3935 2712 4218 2825 Reges

1231 2826 1524 2914 habere
1584 2826 1881 2942 coepit,
1936 2824 2148 2911 inter
2203 2854 2402 2940 quos
2463 2822 3068 2940 Aragonenses,
3126 2854 3470 2943 quorum
3533 2823 3872 2914 ultimus
3928 2826 4211 2913 Perdi-

1229 2945 1538 3032 nandus
1595 2942 1799 3047 fuit,
1857 2942 2081 3055 cujus
2140 2942 2304 3029 filia
2366 2949 2675 3055 Joanna
2734 2886 3356 3059 Hispaniarum,
3415 2943 3883 3050 Indiarum,
3938 2944 4210 3032 Sardi·

1229 3061 1380 3149 niae
1415 3124 1446 3172 ,
1501 3060 1901 3177 utriusque
1962 3060 2243 3149 Sicilia:
2306 3063 2451 3147 Sec.
2511 3064 2752 3148 haeres
2809 3061 3183 3179 Philippo
3243 3061 3655 3149 Austriaco
3717 3063 4002 3180 nuptui
4042 3089 4209 3151 tra·

1224 3183 1398 3268 dita
1453 3241 1484 3289 ,
1541 3181 1925 3268 Carolum
1989 3180 2299 3315 peperit
2378 3181 2462 3265 in
2526 3184 3104 3297 Imperatorem
3167 3206 3637 3320 cooptatum
3699 3209 3914 3266 anno
3980 3190 4207 3271 MD·

1225 3304 1490 3407 x1x3
1547 3299 1647 3383 ad
1707 3327 1951 3412 quem
2013 3296 2289 3383 omnia
2350 3303 2633 3412 Regna
2684 3356 2713 3403 ,
2768 3328 2940 3412 quae
3031 3302 3308 3388 matris
3367 3296 3756 3407 fuerant,
3810 3299 4203 3390 devoluta

1224 3409 1453 3502 sunt.
1511 3421 1755 3499 Penes
1815 3414 2258 3499 Austriacos
2320 3413 2888 3529 Hispaniarum
2927 3423 3216 3531 Regna
3257 3417 3357 3505 ad
3379 3416 3652 3504 Caroli
3716 3422 3824 3502 11.
3868 3419 4203 3508 obitum

1223 3531 1562 3637 stetere,
1611 3529 1752 3644 qui
1811 3530 2133 3616 condito
2192 3559 2240 3615 a
2301 3528 2375 3616 se
2440 3533 2909 3622 testamento
2966 3534 3382 3672 disposuit,
3404 3560 3494 3621 ut
3552 3534 3964 3653 Philippus
4001 3544 4198 3626 Dux

1217 3648 1806 3764 Andegavensns
1866 3647 2254 3736 Ludovici
2320 3654 2539 3735 XIV.
2600 3650 3050 3739 Galliarum
3094 3652 3336 3768 Regis
3397 3659 3672 3770 Nepos
3731 3654 3813 3739 in
3877 3654 4092 3741 suis
4067 3687 4196 3766 Ju-

1216 3765 1434 3856 ribus
1492 3765 1978 3873 succederet,
2037 3766 2393 3853 maxima
2455 3769 2718 3856 hercle
2782 3769 3051 3856 Caroli
3118 3770 3509 3858 Austriaci
3573 3772 3966 3887 Leopoldi
4024 3780 4194 3862 Im·

1212 3883 1601 4000 peratoris
1660 3883 2033 3993 injuria,
2089 3885 2218 3971 cui
2277 3883 2673 3999 sanguinis
2757 3885 3080 3974 vinculo
3162 3890 3574 3976 haereditas
3658 3891 4185 3979 obveniebat.

1212 4001 1573 4090 Sardinia
1634 4001 2078 4137 aPhilippo
2136 4031 2350 4089 anno
2410 4008 3009 4092 MDCCXVII.
3050 4032 3221 4094 arte
3283 4036 3726 4125 occupata,
3747 4012 3956 4097 hanc
3993 4040 4190 4111 mm

1212 4122 1477 4255 Regio
1539 4119 1780 4208 titulo
1841 4120 2187 4207 triennio
2249 4121 2419 4256 post
2473 4122 2838 4209 ViEiorio
2901 4125 3269 4212 Amadeo
3327 4128 3735 4215 Sabaudiae
3797 4153 3990 4217 tunc
4014 4135 4192 4296 Du·

1215 4236 1292 4326 ci
1350 4239 1766 4347 concessit,
1822 4237 1959 4326 sub
2021 4240 2245 4353 cujus
2304 4236 2565 4358 Stirpe
2621 4242 2883 4330 adhuc
2944 4240 3437 4363 perseverat.

2037 4455 3378 4572 CAMERINI

1220 4590 1455 4815 IN
1500 4711 1762 4832 primo
1818 4744 2019 4803 aereo
2078 4745 2422 4805 nummo
2480 4716 3035 4834 perpendimus
3093 4717 3309 4808 urbis
3370 4719 3759 4828 stemma,
3797 4719 4110 4814 literis
4085 4755 4174 4814 ιιι

1097 4837 1165 4922 1.
1223 4856 1510 4946 gyrum
1578 4833 1838 4948 positis
1905 4839 2064 4922 VB.
2125 4833 2692 4924 CAMERIN.
2752 4837 2946 4924 Urbs
3004 4842 3472 4925 Camerina.
3552 4843 3850 4930 Aversa
3941 4844 4183 4933 facies

1208 4956 1471 5037 Cruce
1521 4949 1949 5084 insignitur
2005 4948 2297 5039 affabre
2355 4950 2822 5065 elaborata,
2878 4987 3065 5046 cum
3128 4962 3459 5046 nomine
3520 4962 3791 5049 Sanffi
3852 4966 4172 5055 Venan-

1211 5065 1310 5156 tii
1371 5066 1583 5157 urbis
1640 5069 2114 5160 Protefiioris
2167 5069 2705 5192 principalis
2678 5102 2768 5165 ιιι
2828 5077 3187 5193 margine
3245 5105 3622 5169 exarato.
3767 5203 4060 5293 secm-
