4554 6345
1423 444 1546 579 78
2164 438 2388 548 DE
2538 438 3354 552 Motum-ts

1381 609 1388 614 ’
2174 660 3353 776 PlsARUM.

1290 806 1831 1025 AEReus
1895 923 2192 1042 primus
2252 951 2630 1010 nummus
2690 922 3024 1010 ostendit
3104 921 3185 1009 in
3246 920 3627 1011 anteriori
3694 949 3915 1040 parte
3981 955 4243 1012 unum

1161 1048 1226 1128 Ι.
1289 1049 1368 1128 Ρ.
1429 1043 1630 1128 hisce
1699 1045 2021 1130 vocibus
2081 1041 2695 1158 circumseptum
2758 1048 3156 1128 PlSANA
3225 1047 3746 1131 CIVITAS:
3826 1045 3927 1128 -in
3997 1047 4243 1160 poste·

1275 1161 1461 1246 riori
1506 1162 1857 1274 aquilam
1922 1164 2272 1274 expansis
2333 1160 2537 1262 alis,
2576 1186 2663 1244 et
2728 1157 3318 1277 inscriptionem
3375 1164 4006 1248 'FEDERICVs
4068 1167 4246 1248 IM-

1274 1283 1877 1375 PERATOR.
1969 1279 2215 1367 Pisani
2279 1308 2468 1365 cum
2534 1276 2909 1364 Friderici
2977 1278 3424 1365 AEnobarbi
3487 1283 3840 1395 partibus
3899 1279 4245 1367 adhaesis-

1268 1395 1488 1499 sent,
1548 1426 1627 1483 et
1694 1402 1954 1484 multo
2018 1398 2333 1502 milite,
2387 1427 2477 1481 ae
2536 1395 2874 1480 navibus
2933 1395 3419 1505 adjuvaffent
3457 1456 3487 1503 ‚
3541 1401 3644 1483 ab
3706 1398 3874 1513 ipso
3936 1397 4055 1507 jus
4111 1428 4243 1484 cu·

1267 1516 1551 1601 -dendae
1619 1516 1961 1630 pecuniae
2024 1540 2660 1617 renovatum,et
2697 1511 3190 1628 amplissimis
3253 1515 3686 1630 privilegiis
3747 1514 4246 1629 locupletati.

1464 1635 1766 1718 Eadem
1827 1632 2095 1747 aquila
2157 1662 2340 1719 cum
2410 1630 2784 1716 Friderici
2847 1631 3174 1718 nomine
3255 1634 3339 1718 in
3404 1631 3737 1720 circuitu
3832 1633 4245 1749 inspicitur

1117 1754 1227 1836 11.
1283 1749 1577 1866 pariter
1638 1754 1720 1836 in
1787 1751 2115 1838 secundo
2176 1779 2378 1838 aereo
2436 1775 2768 1864 argento
2833 1748 3092 1837 mixto
3154 1776 3541 1838 nummo.
3585 1757 3677 1837 In
3713 1750 4039 1837 alterius
4069 1782 4244 1867 par·

1283 1870 1382 1956 tis
1445 1869 1709 1955 medio
1771 1871 2072 1955 eminet
2135 1877 2392 1957 Beatae
2461 1867 2732 1954 Mariae
2790 1867 3148 1982 Virginis
3214 1869 3555 1957 Pisarum
3620 1877 3970 1955 Patronae
4037 1871 4241 1955 ima-

1279 2016 1387 2100 go
1448 1988 1528 2073 in
1593 1989 1964 2075 cathedra
2024 1987 2407 2091 sedentis,
2427 1983 2844 2100 puerulum
2906 1985 3170 2097 Jesum
3237 1986 3317 2073 in
3382 1988 3591 2074 ulnis
3641 1988 4243 2103 complestentis

1279 2136 1464 2306 cufm
1526 2136 1774 2219 graeca
1834 2106 2342 2222 inscriptione
2410 2112 2591 2190 MP.
2648 2120 2872 2211 6‘12,
2915 2133 3203 2221 nempe
3272 2120 3528 2223 Μητῆρ
3551 2118 3700 2195 Θεέ
3758 2111 4023 2191 Mater
4075 2108 4252 2213 Det}

1276 2222 1360 2307 in
1397 2223 1601 2309 erius
1656 2229 1886 2312 PISE

1456 2348 1902 2453 Argenteus
1965 2339 2242 2428 tertius
2315 2333 2660 2449 ejusdem
2722 2336 3084 2453 Deiparae
3144 2338 3404 2455 effigie
3469 2336 4246 2455 infignitur‚additis

1277 2453 1362 2541 in
1428 2455 1680 2544 limbo
1744 2459 1998 2545 verbis
2059 2462 2437 2545 PTEGE
2502 2462 2869 2544 VIRGO
2939 2463 3061 2543 ΡΙ.
3112 2483 3423 2576 protege
3466 2463 3692 2574 Virgo
3720 2461 3827 2543 Pi
3868 2490 3996 2542 as.
4058 2465 4252 2543 Prat-

1077 2574 1441 2664 IIL'fert
1503 2575 1790 2690 postica
1847 2576 2200 2693 aquilam
2263 2633 2290 2682 ,
2347 2601 2429 2661 et
2493 2573 3003 2691 Imperatoris
3064 2605 3415 2683 nomen,
3452 2604 3540 2664 ut
3604 2581 3686 2662 in
3748 2577 4249 2693 praecedenti·

1285 2693 1488 2781 bus.
1546 2693 1837 2781 Pisanis
1903 2698 2067 2812 post
2121 2722 2441 2810 'partam
2504 2693 2599 2778 de
2661 2695 3063 2780 Saracenis
3107 2695 3207 2780 ad
3274 2703 3759 2782 Panormum
3825 2678 4245 2780 vifforiam

1275 2841 1498 2900 ¹auno
1557 2818 1919 2900 MLXII.
1988 2812 2252 2929 spoliis
2313 2811 2606 2898 onustis
2665 2810 2766 2897 ad
2831 2810 3173 2929 patriam
3237 2811 3829 2919 reverfis,inter
3879 2842 4012 2898 eos
4071 2838 4252 2897 con·

1281 2959 1674 3039 ventum,
1735 2928 1824 3019 ut
1884 2961 1978 3017 ea
2035 2933 2118 3017 in
2190 2929 2794 3016 aedificationem
2859 2929 3139 3045 templi
3176 2928 3338 3017 -sub
3400 2932 3728 3017 nomine
3788 2936 3876 3016 Β.
3912 2936 4035 3016 M.
4073 2928 4254 3015 Vir·

1280 3046 1492 3161 ginis
1550 3050 1636 3135 in
1699 3049 2029 3137 Coelum
2098 3048 2578 3161 Affumptae,
2634 3074 2879 3161 quam
2942 3047 3025 3131 in
3061 3058 3485 3134 Patronam
3546 3047 4011 3164 elegerunt,
4071 3075 4255 3132 con·

1276 3195 1823 3256 verterentur.
1882 3167 2127 3281 Jaflis
2187 3166 2457 3281 itaque
2519 3166 2801 3250 eodem
2863 3193 3076 3252 anno
3134 3163 3673 3254 fundamentis
3731 3223 3759 3272 ,
3834 3164 4249 3252 Basilicam

1277 3285 1478 3371 adeo
1519 3285 2144 3389 admirabilem,
2205 3280 2869 3398 magnificamque
2930 3285 3575 3392 construxerunt,
3641 3311 3731 3371 ut
3797 3313 4015 3399 pares
4082 3281 4257 3398 qui·

1275 3401 1464 3488 dem
1530 3432 1793 3517 paucae
1853 3405 1936 3490 in
2003 3403 2240 3489 Italia
2302 3400 2744 3516 spefientur
2798 3458 2823 3484 .
2934 3395 3269 3488 Turrim
3333 3431 3651 3520 quoque
3715 3429 4255 3488 marmoream

1278 3547 1439 3605 non
1505 3518 1739 3634 longe
1800 3518 2283 3622 excitatam,
2324 3547 2404 3604 et
2438 3515 2746 3605 summa
2803 3545 2973 3604 arte
3035 3518 3523 3607 elaboratam
3579 3518 3941 3608 voluere.
4008 3522 4250 3606 Hanc

1288 3635 1667 3724 mirificus
1725 3637 2014 3725 artifex
2078 3636 2546 3723 inclinatam
2601 3695 2628 3744 ‚
2689 3634 3275 3724 etGarisendae
3340 3637 3809 3725 Bononiensi
3894 3636 4247 3723 similem

1280 3754 1684 3863 extruxit,
1743 3782 1834 3843 ut
1894 3757 2104 3843 inter
2163 3755 2418 3841 Italiae
2488 3753 2956 3840 celebriores
3021 3756 3398 3844 meruerit
3461 3754 3893 3844 recenseri.

1456 3873 1816 3992 Deiparae
1879 3900 2300 3990 protomen
2370 3870 2759 3959 infantem
2821 3869 3088 3984 Jesum
3152 3871 3588 3961 sustinentis
3671 3873 3989 3960 intueor
4049 3869 4251 3989 pari·

1274 4011 1399 4075 ter
1454 3990 1541 4077 in
1600 4018 1886 4107 quarto
1978 4018 2358 4109 argenteo
2453 3988 2585 4105 (1)
2664 4019 2849 4076 cum
2904 3991 3436 4080 circumduRa
3501 3991 3932 4108 epigraphe
3994 3998 4255 4079 PRO·

1082 4109 1230 4193 lv.
1287 4111 1607 4197 TEGE
1670 4115 2040 4200 VIRGO
2121 4113 2411 4196 PISAS
2455 4166 2480 4191 .
2576 4108 2928 4196 Exhibet
3016 4111 3307 4224 postica
3373 4118 3871 4197 Francorum
3927 4114 4252 4223 Regum

1276 4222 1574 4342 insigne
1660 4256 1846 4313 cum
1910 4224 2463 4317 circumdustis
2550 4226 2810 4313 verbis
2908 4233 3444 4315 KAROLVS
3514 4230 3746 4317 REX
3809 4233 4246 4316 PISANO·

1285 4343 1522 4429 Rvm
1582 4351 2010 4433 LIBerator
2046 4407 2069 4432 .
2159 4342 2409 4431 Pisani
2474 4341 2734 4459 priscis
2798 4350 3286 4462 temporibus
3348 4372 3550 4434 terra
3600 4405 3627 4454 ,
3687 4345 4044 4462 marique
4107 4374 4239 4462 po-

1292 4490 1544 4552 tentes
1603 4462 1866 4577 saepius
1966 4472 2153 4552 cum
2217 4460 2580 4550 finitimis
2668 4463 2978 4579 populis
3080 4462 3438 4581 prospere
3521 4465 4101 4571 decertarunt,
4154 4489 4243 4551 et

1283 4580 1702 4672 nonnullas
1764 4584 2130 4670 barbaras
2189 4584 2418 4684 urbes
2466 4640 2496 4688 ,
2555 4607 2641 4669 et
2698 4579 3131 4697 aliquando
3194 4582 3642 4672 Sardiniam
3701 4580 3841 4670 suo
3900 4580 4243 4699 imperio

3915 4698 4132 4789 sube-

1278 4895 3568 4940 *m—
4035 4902 4245 4929 n·—

1291 4977 1405 5078 (1)
1464 4975 1726 5051 Differt
1780 4973 1906 5049 hic
1961 4972 2047 5048 ab
2103 4976 2440 5073 evulgato
2493 5000 2529 5048 a
2582 4973 2989 5048 Muratorio
3063 4974 3184 5049 sub
3238 5003 3431 5052 num.
3482 4979 3693 5050 vm.
3745 4972 4043 5049 Etenim
4117 4971 4245 5048 ille

1388 5067 1815 5252 demonigat
1867 5075 2239 5174 puerulum
2290 5073 2525 5167 Jesum
2595 5075 2677 5151 in
2727 5073 3001 5177 gremio
3047 5078 3312 5155 Matris
3384 5076 3861 5154 confidentem
3913 5098 3946 5172 3
4019 5071 4246 5153 noster

1379 5201 1621 5257 autem
1731 5193 1972 5254 autem
1994 5226 2018 5247 .
