4554 6345
1417 485 1549 591 80
2047 496 2054 507 ‘
2149 476 2451 671 DEi-
2544 475 3363 613 MONETIS

1162 713 1227 797 1.
1287 707 1675 812 summos
1732 699 2137 790 dabimus.
2197 706 2521 788 Horum
2578 695 2885 816 primus
2942 727 3223 786 aureus
3285 695 3590 815 praefert
3632 697 3974 811 ejusdem
4016 703 4275 793 Paul?
4354 724 4359 729 ’

1279 826 1339 913 li
1404 820 1888 940 gentilitiam
1955 819 2362 923 tefferam,
2422 819 2722 905 circum
2789 848 3032 934 quam
3096 819 3259 905 haec
3320 820 3561 904 verba
3623 824 3868 906 PAV.
3933 828 4081 907 ΠΙ.
4163 831 4277 910 P..

1279 949 1405 1031 Μ.
1467 945 1775 1028 PLAC.
1837 947 1939 1027 D.
1977 937 2300 1023 Paullus
2357 937 2631 1022 tertius
2668 932 3051 1049 --Pontfi’x
3110 936 3476 1020 maximus
3532 938 3946 1023 Placentiae
3984 944 4275 1023 Domi-¹

1276 1092 1415 1145 nus
1461 1119 1492 1142 .
1599 1063 1676 1144 A
1760 1085 1984 1174 tergo
2063 1054 2451 1171 insculpta
2535 1080 2864 1172 apparet
2926 1060 3148 1140 Crux
3208 1050 3498 1141 affabre
3560 1054 3964 1142 elaborata
4047 1066 4275 1161 cuni,

1279 1179 1483 1267 hisce
1551 1174 1758 1288 figlis
1856 1177 1939 1260 in
2002 1174 2313 1288 angulis
2372 1180 2456 1258 P.
2516 1180 2607 1258 L.
2671 1179 2772 1261 A.
2832 1177 2927 1259 C.
2976 1170 3204 1257 “urbis
3285 1200 3579 1256 nomen
3663 1171 4250 1262 indicantibus.

1276 1304 1376 1384 In
1433 1295 1770 1385 circuitu
1835 1292 2129 1406 legitur
2189 1296 2353 1379 haec
2419 1289 2883 1405 epigraphes
2944 1294 3194 1376 NON
3256 1292 3776 1377 ALIVNDE
3851 1298 4253 1380 SALVS.

1456 1420 1908 1526 Argenteus
1969 1410 2347 1497 secundus
2396 1411 2757 1494 anticam
2822 1410 3061 1492 habet
3125 1406 3460 1494 {imilem
3517 1410 3985 1523 praecedenti
4022 1440 4040 1496 ε
4077 1409 4246 1520 ejus

1123 1537 1233 1619 11.
1294 1561 1484 1619 vero
1545 1531 1835 1647 postica
1899 1527 2378 1613 demonstrat
2419 1525 2783 1612 Sanaam
2808 1523 3193 1638 Justinam
3261 1524 3589 1610 stantem
3654 1526 3944 1612 finistra
4012 1532 4263 1643 pastos

1279 1650 1531 1737 ralem
1597 1647 1905 1761 virgam
1969 1644 2535 1751 sustinentem,
2596 1643 2882 1729 additis
2941 1642 3025 1726 in
3089 1645 3277 1728 orbe
3335 1642 3592 1728 liter-is
3651 1648 3728 1731 S.
3764 1650 4242 1732 IVSTINA

1272 1770 2004 1857 PROTETRIX.
3340 1814 3341 1817 π
4006 1786 4011 1793 ’

1452 1884 1822 1973 Ostendit
1887 1880 2164 1969 tertius
2223 1913 2326 1969 ex
2389 1878 2667 1966 infimo
2728 1902 3061 1995 argento
3142 1884 3531 1967 conflatus
3629 1882 3708 1965 in
3788 1911 3950 1967 una
4018 1908 4239 1997 parte

1069 2008 1223 2095 111.
1282 1999 1781 2092 Pontific-iam
1846 1982 2178 2088 Tiaram
2244 2029 2428 2087 cum
2496 1999 2699 2085 vitta
2761 2000 3513 2105 circumvolitante‚
3564 1997 3657 2083 -in
3713 2030 3871 2113 qua
3935 1997 4239 2113 expres·

1274 2121 1447 2209 sum
1507 2120 1805 2233 legitur
1864 2120 2516 2204 PLACENTIA
2561 2175 2586 2198 .
2646 2118 2939 2216 Verba,
2977 2145 3148 2230 quae
3211 2115 3290 2200 in
3356 2115 3523 2228 ejus
3583 2116 3881 2202 circulo
3940 2118 4238 2231 fignata

1183 2260 1232 2273 ”
1280 2236 1896 2352 conspiciuntur,
1929 2239 2086 2320 haec
2149 2234 2429 2322 sonant
2488 2240 2805 2319 PAVL.
2868 2236 3015 2316 111..
3080 2239 3159 2317 P.
3232 2239 3347 2318 M.
3411 2239 4061 2320 PLACENTIE
4131 2241 4242 2320 D.

1273 2360 1366 2441 In
1431 2351 1695 2439 aversa
1760 2352 2061 2438 eminet
2146 2358 2222 2438 S.
2283 2349 2555 2439 Savini
2620 2350 2832 2437 urbis
2895 2347 3329 2466 Episcopi,
3408 2379 3503 2444 ac.
3558 2351 4096 2468 Compatroni
4176 2353 4271 2437 i·-

1272 2500 1517 2584 mago
1582 2468 1893 2586 pectore
1959 2470 2524 2575 tenus,verbis
2567 2467 2670 2555 ⁴iu
2732 2496 3020 2581 gyrum
3093 2469 3353 2583 politis
3414 2474 3487 2554 S.
3550 2474 3938 2555 SAVINI
4001 2475 4247 2557 PLA-

1273 2594 1723 2678 CENTIE
1786 2594 1944 2674 ΕΡ.
2005 2592 2167 2675 Sub
2224 2586 2412 2674 miti
2452 2586 2811 2677 Ecclessae
2871 2584 3211 2702 imperio
3268 2585 3369 2671 a'd
3430 2615 3735 2672 annum
3804 2593 4242 2677 MDXLV.

1271 2708 1456 2794 urbs
1516 2705 1777 2811 stetit,
1832 2736 1995 2821 quo
2059 2704 2213 2823 ipse
2272 2705 2593 2791 Paullus
2657 2702 2982 2815 Aloyfio
3045 2702 3212 2791 filio
3274 2706 3474 2789 hanc
3561 2734 3745 2790 cum
3811 2711 4095 2791 Par-ma
4155 2704 4263 2791 in'

1272 2824 1639 2913 Feudum
1698 2824 2227 2933 conceffit‚et
2286 2852 2386 2911 eo
2446 2821 2716 2909 ίυηᾶο
2778 2819 3173 2908 Οᾶανίιις
3234 2820 3441 2908 filius
3502 2818 3892 2937 sceptrum
3963 2822 4223 2909 tenuit

1269 2941 1357 3029 in
1417 2938 2008 3054 cujus'cultum
2072 2968 2449 3058 quartum
2492 3001 2520 3046 ‚
2575 2940 2841 3054 quem·
2879 2937 3156 3053 damus
3197 2999 3225 3047 ,
3280 2969 3706 3026 nummum
3773 2939 4225 3026 Placentini

1060 3070 1210 3152 IV.
1268 3058 1526 3149 cusere
1562 3119 1585 3144 .
1644 3066 1931 3148 AEreus
1991 3061 2098 3146 est
2136 3120 2164 3164 ,
2221 3058 2739 3177 perhibetque
2799 3055 2881 3141 in
2950 3056 3203 3171 prima
3264 3054 3461 3144 facie
3528 3058 3923 3144 Farnefiae‘
3962 3056 4226 3172 gentis

1256 3178 1592 3295 infignia
1650 3239 1678 3283 ,
1736 3179 2036 3266 circum
2099 3209 2269 3294 quae
2331 3181 2447 3263 hae
2511 3205 2746 3262 voces
2803 3180 2983 3262 OC.
3046 3180 3294 3264 FAR.
3359 3181 3590 3263 PLA.
3669 3182 3827 3262 ET
3889 3181 4055 3262 PA.
4114 3183 4227 3262 D.

1263 3303 1372 3384 11.
1433 3297 1799 3380 OHavius
1857 3301 1935 3381 F
1934 3298 2258 3408 ernesius
2321 3296 2726 3378 Placentiae
2770 3353 2798 3398 ,
2856 3315 2937 3374 et
2993 3297 3289 3378 Parmae
3351 3299 3529 3378 Dux
3584 3290 3967 3407 ficundus
4014 3352 4038 3376 .
4118 3299 4218 3379 In

1267 3414 1621 3530 opposita
1684 3411 1956 3500 visitur
2015 3413 2341 3500 SanRus
2406 3410 2859 3506 Antoninus
2914 3408 3135 3495 urbis
3192 3416 3577 3499 Patronus
3640 3410 4089 3527 principalis
4146 3440 4226 3496 e·

1261 3560 1428 3647 quo
1485 3529 1880 3614 insidens:
1943 3529 2604 3618 circumambitur
2667 3525 2917 3613 literis
2973 3532 3344 3614 COMV.
3424 3535 3735 3618 PLAC.
3794 3531 4245 3614 Communis

1261 3647 1721 3757 Placentiae3
1779 3645 1866 3734 in
1928 3676 2224 3766 exergo
2284 3653 2359 3737 S.
2423 3653 2516 3737 C.
2576 3653 2897 3732 Senam
2950 3644 3366 3758 Consulto.
3537 3738 3542 3742 ,
4244 3701 4257 3708 ·

2234 3867 2343 3974 R.
2472 3865 2558 3973 E
2697 3863 2804 3973 G
2892 3863 3059 3990 “1‚
3144 3867 3253 3972 Ι.

1256 4012 1594 4234 DE
1656 4127 1974 4241 hujusce
2033 4125 2249 4216 urbis
2308 4124 2583 4216 initiis·
2620 4156 2778 4214 non
2846 4159 3003 4219 una
3064 4130 3173 4220 est
3231 4126 3725 4245 Scriptorum
3790 4129 4226 4243 sententia;

1256 4248 1560 4335 etenim
1624 4247 1992 4335 nonnulli
2045 4308 2074 4354 ,
2130 4246 2343 4335 inter
2396 4275 2595 4363 quos
2653 4248 3082 4355 Blondus‚'
3134 4247 3481 4361 Regium
3545 4253 3648 4333 ab
3708 4248 3856 4337 illo
3913 4252 4226 4367 Lepido

1258 4364 1479 4453 fuiffe
1542 4366 1955 4454 conditum
1993 4425 2021 4471 ‚
2080 4365 2219 4480 qui
2287 4367 2448 4480 post
2508 4364 2705 4476 Julii
2768 4365 3085 4454 Caesaris
3148 4392 3494 4454 mortem
3557 4397 3743 4453 cum
3805 4368 4215 4476 Ostavio,

1254 4508 1343 4572 et
1404 4489 1527 4569 M.
1586 4482 1952 4572 Antonio
2012 4482 2661 4570 Triumviratum
2725 4486 2982 4596 gestit,
3043 4481 3447 4571 memoriae
3512 4485 3917 4597 prodidere
3963 4545 3986 4571 .
4047 4484 4218 4573 Alii

1255 4628 1497 4719 porro
1550 4661 1580 4709 ,
1632 4628 1717 4689 et
1774 4602 2094 4715 quidem
2160 4600 2486 4707 verius,
2539 4603 2643 4687 ab
2701 4602 3047 4717 antiquis
3107 4597 3517 4691 Hetruscis
3577 4603 3972 4716 originem
4062 4631 4217 4692 tra·

1253 4718 1489 4826 xiss'e,
1547 4745 1634 4807 et
1687 4748 1735 4806 a
1799 4726 1923 4805 M.
1982 4718 2327 4808 AEmilio
2386 4718 2746 4835 Lepido,
2799 4723 2940 4834 qui
3000 4720 3525 4809 Consulatum
3589 4723 3812 4835 geffit
3872 4752 4088 4808 anno
4112 4722 4216 4806 ab

1252 4838 1450 4924 urbe
1509 4837 1827 4925 condita
1890 4842 2347 4925 DLXXIII.
2383 4897 2411 4943 ,
2463 4862 2727 4952 atque,
2765 4837 3193 4928 AEmiliam
3254 4838 3471 4926 viam
3538 4868 3583 4925 a
3647 4840 4049 4927 Placentia
4111 4838 4210 4926 ad

1247 4952 1719 5043 Ariminum
1784 4954 2135 5044 munivit
2174 5013 2203 5061 ,
2260 4984 2353 5042 ac
2417 4954 2684 5041 stravit
2718 5014 2747 5062 ,
2805 4983 2943 5044 aut
3009 4958 3528 5068 restauratum
3575 5018 3605 5066 ,
3660 4984 3805 5045 aut
3866 4956 4210 5046 aediftciis

1250 5070 1627 5182 aucium,
1685 5099 2154 5188 gratamque
2215 5072 2759 5190 posteritatem
2818 5075 3173 5191 Regium
3233 5074 3518 5191 Lepidi
3558 5075 3882 5166 voluiffe
3946 5074 4210 5194 appel·

3766 5193 4030 5286 latum
4064 5250 4093 5278 .
