4554 6345
1022 445 1148 517 10

1740 405 1968 516 DE
2129 399 2952 518 MONETIS

1225 642 1383 728 SA.
1444 637 2033 723 DONATvs.
2094 636 2172 717 A
2237 618 2462 744 tergo
2524 635 2793 736 Crux,
2851 630 2931 714 8<
2992 625 3344 736 lemma,
3374 654 3464 719 ut
3523 627 3606 717 in
3670 544 4092 747 superiori.

1410 760 1503 839 In
1568 754 1854 868 quinto
1919 782 2021 837 ex
2083 750 2364 835 eodem
2431 749 2761 836 metallo
2821 748 3235 863 compaRo
3297 749 3911 887 repraesentatur·
3919 739 4203 834 Sansti

929 948 933 956 .
1071 878 1174 958 V.
1234 872 1601 1006 Episcopi
1666 869 1962 984 effigies
2024 867 2338 983 peclore
2399 893 2628 953 tenus
2689 897 2872 954 cum
2936 867 3100 977 ejus
3161 868 3487 952 nomine
3546 868 3628 951 in
3672 865 4058 954 circuitu.
4099 869 4200 949 In

1023 1586 1176 1669 VI.

1137 4788 1201 4868 1
1263 4770 1487 4854 dislai
1551 4770 1931 4885 Neapolis
1979 4772 2221 4884 Regis
2285 4771 2522 4854 armis
2583 4767 2826 4854 fultus
2891 4770 3302 4857 Asculum
3313 4772 3440 4858 sui
3511 4774 3714 4881 juris
3761 4774 3966 4860 fecit
4012 4799 4276 4858 anno·

1267 4892 1759 4972 MCCCCX.
1828 4888 2017 4999 Ejus
2080 4919 2402 4972 nomen
2441 4886 2730 4998 legitur
2789 4886 2868 4971 in
2938 4890 3189 4998 prima
3255 4892 3569 4978 nummi
3630 4891 3946 4996 fronte,
3975 4892 4053 4975 in
4104 4897 4300 4977 cu0'

1233 987 1678 1111 posterioris
1745 986 1985 1104 partis
2047 986 2302 1072 limbo
2362 984 2655 1100 legitur
2735 986 2945 1072 urbis
3008 1014 3349 1089 nomen,
3357 988 3464 1069 8(
3511 985 3607 1069 in
3670 1015 3853 1071 area
3891 978 4232 1068 inscul-'

1234 1140 1316 1198 ta
1378 1132 1706 1225 apparet
1770 1107 2039 1193 littera
2101 1113 2178 1192 A
2242 1130 2427 1192 cum
2488 1129 2832 1219 quatuor
2890 1103 3079 1190 liliis
3138 1104 3234 1189 ad
3270 1103 3439 1216 ejus
3496 1103 3746 1191 latera
3781 1102 4082 1220 supra,
4118 1100 4210 1182 8:

1226 1228 1555 1317 inferius
1612 1222 2030 1358 dispositis.

1284 1402 1299 1417 -
1414 1353 1507 1429 In
1571 1375 1753 1430 area
1815 1341 2007 1428 sexti
2073 1338 2248 1425 aerei
2313 1336 2577 1426 minus
2637 1338 2945 1455 antiqui
3010 1338 3325 1425 nummi
3388 1334 3796 1456 inspicitur
3846 1336 4209 1447 ejusdem

1236 1463 1502 1552 Saum
1566 1490 1980 1579 protome,
2040 1461 2117 1542 8(
2178 1458 2258 1543 ἰιι
2326 1458 2598 1543 circuli
2662 1457 3117 1544 summitate
3186 1458 3661 1562 scutulum,
3641 1486 3722 1543 tn
3784 1454 4250 1572 quoCrux'

1240 1570 1875 1695 subsequentibus
1936 1576 2184 1664 literis
2230 1582 2813 1663 DONATVS
2879 1583 2968 1663 In
3034 1576 3319 1693 postica
3382 1576 3704 1690 effulget
3737 1582 3958 1663 Crux
4006 1602 4205 1661 cum

1236 1703 1620 1787 lemmate
1683 1704 1867 1785 DE
1888 1700 2478 1783 ARRETIO
2541 1695 2865 1782 Arretio
2926 1698 3025 1779 ab
3092 1694 3475 1781 Lodovici
3503 1693 4207 1827 Andegavenfium

1235 1819 1490 1913 Ducis
1566 1816 1808 1902 armis
1897 1841 2284 1928 occupato
2378 1844 2593 1899 anno
2655 1819 3475 1919 MCCCLXXXIV„
3554 1817 3633 1898 8<
3717 1810 4208 1898 Florentinis

1237 1944 1408 2026 LX.
1470 1926 1817 2022 millium
1889 1932 2418 2027 Florenorum
2507 1931 2766 2048 pretio
2828 1934 3359 2043 venundat03
3421 1931 3660 2019 Cives
3722 1928 3855 2017 sub
3918 1957 4210 2014 eorum

1239 2058 1518 2143 stetere
1583 2051 1924 2165 imperio
1982 2052 2080 2134 ad
2144 2079 2443 2135 annum
2509 2050 2742 2171 usque
2806 2056 3120 2158 MDII3
3151 2079 3340 2184 ‘quo
3382 2077 3740 2165 tempore
3805 2077 4029 2162 gravi
4061 2047 4210 2130 Vt
4239 2130 4254 2135 ,

1246 2170 1551 2260 tellozii
1616 2166 1902 2252 Vitelli
1966 2167 2361 2281 Tipherni
2411 2162 2849 2301 Toparchae
2930 2167 3309 2255 acerrimi
3379 2168 4024 2255 Florentinorum
4072 2167 4220 2249 ho-

1255 2290 1389 2375 stis
1454 2283 1793 2401 impulsu
1854 2285 1952 2369 ad
2015 2284 2530 2371 rebellionem
2596 2282 2971 2388 excitati,
3024 2284 3374 2402 sumptis
3423 2286 3711 2392 armis,
3750 2285 4220 2371 libertatem

1249 2403 1758 2492 inclamant:
1826 2426 2167 2516 cumque
2227 2405 2325 2488 ad
2389 2403 2752 2490 sedandas
2813 2408 3086 2490 turbas⁴
3139 2403 3592 2495 Gulielmus
3653 2384 3959 2487 Pafflus
4019 2407 4260 2485 Prae-··

1249 2524 1585 2626 ἱειέὶιιις,Γ
1612 2525 1701 2621 ὃς
1753 2519 2207 2606 Alexander
2267 2521 2659 2607 Gallileus
2714 2530 3002 2608 Praetor
3061 2522 3140 2607 in
3209 2529 3502 2608 Forum
3568 2520 4104 2619 advolassent,
4171 2548 4224 2602 a

1256 2643 1558 2758 populo
1621 2638 2042 2755 intercepti
2098 2639 2185 2723 in
2256 2640 2563 2755 publica
2629 2641 2831 2726 AEde
2885 2641 3029 2725 sub
3094 2639 3451 2725 militum
3516 2639 3854 2725 custodia
3904 2635 4260 2771 detenti·

1249 2760 1489 2846 sunt--
1548 2764 1739 2844 Re
1772 2757 1867 2841 ad
1934 2758 2325 2843 tumultus
2384 2759 2786 2843 austorem
2851 2759 3178 2862 delata,
3240 2757 3613 2842 tercentis
3673 2756 4064 2872 peditibus
4126 2752 4220 2837 in

1245 2876 1673 2964 auxilium
1700 2875 2115 2982 immiss‘rs3
2174 2875 2356 2990 ipse
2398 2883 2584 2961 VII.
2648 2878 2829 2961 Idus
2890 2877 3107 2987 Junii
3172 2905 3350 2959 cum
3421 2877 3670 2960 tribus
3733 2876 4085 2965 millibus
4133 2875 4220 2956 8<

1244 2994 1701 3115 quingentis
1764 2943 2160 3080 veteranis
2227 2982 2620 3079 militibus
2679 2994 3091 3079 Arretium
3160 2995 3610 3106 properavit
3650 3052 3682 3128 ’.
3754 2996 3834 3076 8(
3915 2994 4013 3078 ad
4080 3020 4224 3106 op·

1247 3115 1754 3232 pugnandam
1825 3119 2157 3198 Arcem
2192 3137 2592 3199 tormenta
2655 3113 3094 3198 convertit.
3154 3112 3600 3198 Praesidiarii
3662 3112 3741 3196 in
3789 3110 3883 3196 iis
3945 3120 4215 3195 rerum

1246 3234 1619 3345 angustiis
1683 3232 1966 3346 politi,
2002 3259 2184 3316 cum
2254 3222 2560 3316 nullam
2627 3230 2904 3316 auxilii
2970 3230 3175 3345 spem
3246 3230 3390 3314 effe
3455 3231 4224 3333 animadverterent,

1249 3351 1587 3433 extremi
1677 3347 2002 3462 periculi
2082 3373 2309 3432 metu
2396 3350 2734 3462 permoti
2822 3354 3038 3432 XIV.
3134 3349 3317 3432 Kal.
3409 3346 3920 3482 Quinffllis5
3977 3344 4214 3431 salvis

1250 3468 1493 3569 vitis,
1552 3495 1640 3549 ac
1704 3465 2087 3566 fortunis,
2148 3464 2229 3554 in
2295 3464 2457 3577 ejus
2523 3495 2800 3549 manus
2862 3462 3258 3550 dimisere.
3324 3465 3727 3568 Arretini,
3785 3473 4045 3568 Arce,
4107 3479 4270 3549 ne'

1249 3585 1334 3668 in
1405 3583 1792 3692 posterum
1859 3584 2446 3718 receptaculum
2513 3585 2844 3668 hostium
2912 3587 3176 3685 foret,
3235 3580 3402 3667 solo
3459 3611 3816 3699 aequata,
3843 3584 4216 3682 Urbanas
4273 3595 4278 3600 ’

1249 3732 1369 3788 res
1431 3700 1567 3786 sub
1634 3708 1926 3784 Decem
1938 3702 2126 3785 viris
2188 3704 2285 3786 ad
2347 3730 2643 3786 annum
2713 3700 3103 3787 duraturis
3163 3702 3706 3786 administrare
3764 3722 4214 3814 coeperunt3
4273 3709 4284 3732 ³

1246 3849 1408 3932 quo
1475 3846 1841 3932 tempore
1903 3847 2329 3903 nummum
2397 3818 2823 3935 perculsum
2891 3817 3094 3905 facio
3150 3853 3167 3904 ε
3232 3824 3310 3903 8(
3374 3820 3617 3922 sane,
3678 3819 3732 3902 st
3794 3820 4217 3905 literarum

1175 4051 1180 4056 ι
1234 3940 1655 4042 formam,
1715 3937 2141 4049 omniaque
2203 3936 2284 4022 in
2352 3966 2450 4021 eo
2509 3937 2879 4051 exculpta
2942 3937 3138 4043 rite‚·
3192 3940 3268 4021 8<
3333 3937 3704 4023 subtilius
3752 3935 4216 4052 quisquisin

1247 4056 1699 4259 gnonetarcila
1760 4054 2104 4140 Scientia
2162 4055 2464 4171 peritus
2524 4055 3116 4172 exploraverit,
3196 4055 3591 4142 sententiae
3671 4075 3871 4142 meae
3845 4052 4232 4210 procul

1306 4173 1492 4259 ubio
1548 4203 1597 4258 a
1656 4172 2031 4260 haerebit.
3093 4217 3102 4226 ·
3355 4210 3362 4218 ·
3627 4207 3634 4214 ·

2260 4389 3227 4502 ASCULI.

1268 4530 1467 4762 Α
1518 4657 1932 4762 Rgenteus
1997 4648 2297 4766 primus
2362 4650 2480 4764 spe
2451 4651 2650 4736 {iat
2715 4650 2810 4734 ad
2875 4650 3286 4737 Comitem
3353 4651 3817 4757 Carrarioe
3871 4653 4008 4769 qui
4075 4660 4231 4739 La-

1260 5003 1385 5118 ius
1412 5003 1711 5094 circuli
1768 5004 2236 5095 summitate
2321 4979 2752 5122 insculptus
2833 5037 3158 5124 apparet
3243 5039 3514 5099 currus
3602 4954 4234 5131 praestaniiffimae
