<?xml version="1.0" encoding="UTF-8"?>
<!DOCTYPE html PUBLIC "-//W3C//DTD XHTML 1.0 Transitional//EN"
    "http://www.w3.org/TR/xhtml1/DTD/xhtml1-transitional.dtd">
<html xmlns="http://www.w3.org/1999/xhtml" xml:lang="en" lang="en">
 <head>
  <title>
</title>
<meta http-equiv="Content-Type" content="text/html;charset=utf-8" />
  <meta name='ocr-system' content='tesseract 3.04.00' />
  <meta name='ocr-capabilities' content='ocr_page ocr_carea ocr_par ocr_line ocrx_word'/>
</head>
<body>
  <div class='ocr_page' id='page_1' title='image "./vincentiibellin03bellgoog_0130.png"; bbox 0 0 4554 6345; ppageno 0'>
   <div class='ocr_carea' id='block_1_1' title="bbox 1469 369 3626 588">
    <p class='ocr_par' dir='ltr' id='par_1_1' title="bbox 1469 369 3626 588">
     <span class='ocr_line' id='line_1_1' title="bbox 1469 369 3626 588; baseline 0 -16"><span class='ocrx_word' id='word_1_1' title='bbox 1469 409 1724 572; x_wconf 75' lang='lat'>882</span> <span class='ocrx_word' id='word_1_2' title='bbox 2219 458 2446 570; x_wconf 80' lang='lat' dir='ltr'>DE</span> <span class='ocrx_word' id='word_1_3' title='bbox 2592 369 3463 588; x_wconf 70' lang='lat' dir='ltr'>Mon-ts</span> <span class='ocrx_word' id='word_1_4' title='bbox 3618 427 3626 435; x_wconf 85' lang='grc'><strong>’</strong></span> 
     </span>
    </p>
   </div>
   <div class='ocr_carea' id='block_1_2' title="bbox 1143 682 4383 3372">
    <p class='ocr_par' dir='ltr' id='par_1_2' title="bbox 1207 682 4307 2217">
     <span class='ocr_line' id='line_1_2' title="bbox 1207 682 4297 808; baseline 0.001 -34"><span class='ocrx_word' id='word_1_5' title='bbox 1207 690 1275 775; x_wconf 85' lang='lat'>1.</span> <span class='ocrx_word' id='word_1_6' title='bbox 1333 684 1455 799; x_wconf 83' lang='lat' dir='ltr'>jus</span> <span class='ocrx_word' id='word_1_7' title='bbox 1513 711 1810 774; x_wconf 90' lang='lat' dir='ltr'>nomen</span> <span class='ocrx_word' id='word_1_8' title='bbox 1871 682 1956 772; x_wconf 89' lang='lat' dir='ltr'>in</span> <span class='ocrx_word' id='word_1_9' title='bbox 2019 690 2375 808; x_wconf 76' lang='lat' dir='ltr'>margine</span> <span class='ocrx_word' id='word_1_10' title='bbox 2438 683 2824 802; x_wconf 84' lang='lat' dir='ltr'>repetitur</span> <span class='ocrx_word' id='word_1_11' title='bbox 2879 690 3526 776; x_wconf 85' lang='lat' dir='ltr'>LVDOVICVS</span> <span class='ocrx_word' id='word_1_12' title='bbox 3569 692 3825 777; x_wconf 81' lang='lat' dir='ltr'><strong>Dvx.</strong></span> <span class='ocrx_word' id='word_1_13' title='bbox 3887 692 3983 778; x_wconf 82' lang='lat' dir='ltr'>In</span> <span class='ocrx_word' id='word_1_14' title='bbox 4063 721 4297 779; x_wconf 84' lang='lat' dir='ltr'>aver·</span> 
     </span>
     <span class='ocr_line' id='line_1_3' title="bbox 1324 803 4307 924; baseline 0.002 -33"><span class='ocrx_word' id='word_1_15' title='bbox 1324 805 1401 891; x_wconf 90' lang='lat' dir='ltr'>sa</span> <span class='ocrx_word' id='word_1_16' title='bbox 1464 831 1685 921; x_wconf 86' lang='lat' dir='ltr'>parte</span> <span class='ocrx_word' id='word_1_17' title='bbox 1750 803 2384 897; x_wconf 84' lang='lat' dir='ltr'>mediumtenet</span> <span class='ocrx_word' id='word_1_18' title='bbox 2445 807 2866 920; x_wconf 88' lang='lat' dir='ltr'>antiquum</span> <span class='ocrx_word' id='word_1_19' title='bbox 2928 804 3238 914; x_wconf 87' lang='lat' dir='ltr'>hujusce</span> <span class='ocrx_word' id='word_1_20' title='bbox 3282 806 3567 893; x_wconf 86' lang='lat' dir='ltr'>Gentis</span> <span class='ocrx_word' id='word_1_21' title='bbox 3627 810 3971 924; x_wconf 75' lang='lat' dir='ltr'>insigne,</span> <span class='ocrx_word' id='word_1_22' title='bbox 4033 811 4307 898; x_wconf 81' lang='lat' dir='ltr'>literis</span> 
     </span>
     <span class='ocr_line' id='line_1_4' title="bbox 1323 921 4291 1041; baseline 0.003 -34"><span class='ocrx_word' id='word_1_23' title='bbox 1323 921 1409 1008; x_wconf 90' lang='lat' dir='ltr'>in</span> <span class='ocrx_word' id='word_1_24' title='bbox 1473 951 1762 1037; x_wconf 86' lang='lat' dir='ltr'>gyrum</span> <span class='ocrx_word' id='word_1_25' title='bbox 1826 922 2090 1041; x_wconf 82' lang='lat' dir='ltr'>politis</span> <span class='ocrx_word' id='word_1_26' title='bbox 2148 922 2745 1015; x_wconf 86' lang='lat' dir='ltr'><strong>SABAVDIA.</strong></span> <span class='ocrx_word' id='word_1_27' title='bbox 2805 925 3119 1041; x_wconf 64' lang='lat' dir='ltr'>Speciat</span> <span class='ocrx_word' id='word_1_28' title='bbox 3180 953 3557 1012; x_wconf 81' lang='lat' dir='ltr'><strong>nummus</strong></span> <span class='ocrx_word' id='word_1_29' title='bbox 3615 928 3716 1013; x_wconf 85' lang='lat' dir='ltr'>ad</span> <span class='ocrx_word' id='word_1_30' title='bbox 3778 929 4291 1015; x_wconf 86' lang='lat' dir='ltr'>Ludovicum</span> 
     </span>
     <span class='ocr_line' id='line_1_5' title="bbox 1309 1039 4300 1163; baseline 0.003 -38"><span class='ocrx_word' id='word_1_31' title='bbox 1309 1039 1564 1148; x_wconf 16' lang='lat' dir='ltr'>‘illum</span> <span class='ocrx_word' id='word_1_32' title='bbox 1630 1072 1731 1129; x_wconf 67' lang='lat' dir='ltr'>eit</span> <span class='ocrx_word' id='word_1_33' title='bbox 1793 1043 2158 1130; x_wconf 88' lang='lat' dir='ltr'>Amedeo</span> <span class='ocrx_word' id='word_1_34' title='bbox 2218 1042 2619 1134; x_wconf 81' lang='lat' dir='ltr'>Sabaudiae</span> <span class='ocrx_word' id='word_1_35' title='bbox 2717 1049 2948 1130; x_wconf 82' lang='lat' dir='ltr'><strong>Duce</strong></span> <span class='ocrx_word' id='word_1_36' title='bbox 3012 1047 3076 1126; x_wconf 91' lang='grc' dir='ltr'>Ι.</span> <span class='ocrx_word' id='word_1_37' title='bbox 3135 1071 3414 1129; x_wconf 87' lang='lat' dir='ltr'>natum</span> <span class='ocrx_word' id='word_1_38' title='bbox 3475 1103 3502 1143; x_wconf 73' lang='lat'>‚</span> <span class='ocrx_word' id='word_1_39' title='bbox 3557 1046 3695 1160; x_wconf 86' lang='lat' dir='ltr'>qui</span> <span class='ocrx_word' id='word_1_40' title='bbox 3775 1045 3854 1131; x_wconf 89' lang='lat' dir='ltr'>in</span> <span class='ocrx_word' id='word_1_41' title='bbox 3923 1046 4092 1132; x_wconf 88' lang='lat' dir='ltr'>vita</span> <span class='ocrx_word' id='word_1_42' title='bbox 4157 1076 4300 1163; x_wconf 86' lang='lat' dir='ltr'>pa·</span> 
     </span>
     <span class='ocr_line' id='line_1_6' title="bbox 1329 1157 4295 1277; baseline 0.003 -32"><span class='ocrx_word' id='word_1_43' title='bbox 1329 1157 1471 1245; x_wconf 89' lang='lat' dir='ltr'>tris</span> <span class='ocrx_word' id='word_1_44' title='bbox 1534 1157 1667 1273; x_wconf 90' lang='lat'>(1)</span> <span class='ocrx_word' id='word_1_45' title='bbox 1729 1160 1975 1277; x_wconf 88' lang='lat' dir='ltr'>coepit</span> <span class='ocrx_word' id='word_1_46' title='bbox 2036 1161 2588 1249; x_wconf 83' lang='lat' dir='ltr'>Sabaudienses</span> <span class='ocrx_word' id='word_1_47' title='bbox 2650 1190 2767 1247; x_wconf 83' lang='lat' dir='ltr'>res</span> <span class='ocrx_word' id='word_1_48' title='bbox 2829 1163 3321 1275; x_wconf 84' lang='lat' dir='ltr'>gubernare.</span> <span class='ocrx_word' id='word_1_49' title='bbox 3383 1160 3546 1249; x_wconf 88' lang='lat' dir='ltr'>Hic</span> <span class='ocrx_word' id='word_1_50' title='bbox 3606 1167 3690 1248; x_wconf 89' lang='lat' dir='ltr'>in</span> <span class='ocrx_word' id='word_1_51' title='bbox 3786 1164 4295 1253; x_wconf 85' lang='lat' dir='ltr'>Franciscurn</span> 
     </span>
     <span class='ocr_line' id='line_1_7' title="bbox 1328 1273 4290 1395; baseline 0.002 -31"><span class='ocrx_word' id='word_1_52' title='bbox 1328 1273 1706 1364; x_wconf 79' lang='lat' dir='ltr'>sfortiam</span> <span class='ocrx_word' id='word_1_53' title='bbox 1778 1278 2216 1395; x_wconf 69' lang='lat' dir='ltr'>Mediolani</span> <span class='ocrx_word' id='word_1_54' title='bbox 2284 1278 2804 1391; x_wconf 87' lang='lat' dir='ltr'>Ducem‚qui</span> <span class='ocrx_word' id='word_1_55' title='bbox 2870 1279 3237 1393; x_wconf 84' lang='lat' dir='ltr'>Philippo</span> <span class='ocrx_word' id='word_1_56' title='bbox 3303 1280 3578 1366; x_wconf 87' lang='lat' dir='ltr'>Mariae</span> <span class='ocrx_word' id='word_1_57' title='bbox 3609 1282 4290 1369; x_wconf 78' lang='lat' dir='ltr'>vicecomitisuc·</span> 
     </span>
     <span class='ocr_line' id='line_1_8' title="bbox 1325 1393 4287 1500; baseline 0.002 -20"><span class='ocrx_word' id='word_1_58' title='bbox 1325 1393 1643 1481; x_wconf 82' lang='lat' dir='ltr'>cefferat</span> <span class='ocrx_word' id='word_1_59' title='bbox 1682 1455 1709 1500; x_wconf 89' lang='lat'>,</span> <span class='ocrx_word' id='word_1_60' title='bbox 1775 1395 2031 1485; x_wconf 90' lang='lat' dir='ltr'>movit</span> <span class='ocrx_word' id='word_1_61' title='bbox 2091 1394 2305 1486; x_wconf 84' lang='lat' dir='ltr'>anno</span> <span class='ocrx_word' id='word_1_62' title='bbox 2371 1401 2945 1485; x_wconf 86' lang='lat' dir='ltr'>MCCCCLII.</span> <span class='ocrx_word' id='word_1_63' title='bbox 3024 1423 3105 1481; x_wconf 89' lang='lat' dir='ltr'>et</span> <span class='ocrx_word' id='word_1_64' title='bbox 3162 1398 3422 1484; x_wconf 82' lang='lat' dir='ltr'>‘multa</span> <span class='ocrx_word' id='word_1_65' title='bbox 3492 1399 3701 1500; x_wconf 91' lang='lat' dir='ltr'>illius</span> <span class='ocrx_word' id='word_1_66' title='bbox 3760 1398 4084 1486; x_wconf 88' lang='lat' dir='ltr'>ditionis</span> <span class='ocrx_word' id='word_1_67' title='bbox 4168 1399 4287 1486; x_wconf 91' lang='lat' dir='ltr'>lo·</span> 
     </span>
     <span class='ocr_line' id='line_1_9' title="bbox 1277 1509 4281 1631; baseline 0.002 -34"><span class='ocrx_word' id='word_1_68' title='bbox 1277 1539 1414 1597; x_wconf 75' lang='lat' dir='ltr'>rca</span> <span class='ocrx_word' id='word_1_69' title='bbox 1477 1509 1613 1599; x_wconf 90' lang='lat' dir='ltr'>suo</span> <span class='ocrx_word' id='word_1_70' title='bbox 1672 1512 1960 1623; x_wconf 85' lang='lat' dir='ltr'>adjecit</span> <span class='ocrx_word' id='word_1_71' title='bbox 2022 1515 2423 1631; x_wconf 88' lang='lat' dir='ltr'>imperi0;</span> <span class='ocrx_word' id='word_1_72' title='bbox 2489 1512 3151 1627; x_wconf 79' lang='lat' dir='ltr'>verumbiennio</span> <span class='ocrx_word' id='word_1_73' title='bbox 3219 1516 3381 1629; x_wconf 90' lang='lat' dir='ltr'>post</span> <span class='ocrx_word' id='word_1_74' title='bbox 3439 1514 3731 1604; x_wconf 89' lang='lat' dir='ltr'>Sfortia</span> <span class='ocrx_word' id='word_1_75' title='bbox 3795 1520 4022 1603; x_wconf 79' lang='lat' dir='ltr'>reb&#39;us</span> <span class='ocrx_word' id='word_1_76' title='bbox 4087 1547 4281 1605; x_wconf 87' lang='lat' dir='ltr'>cum</span> 
     </span>
     <span class='ocr_line' id='line_1_10' title="bbox 1321 1629 4273 1748; baseline 0.003 -34"><span class='ocrx_word' id='word_1_77' title='bbox 1321 1629 1656 1717; x_wconf 90' lang='lat' dir='ltr'>Venetis</span> <span class='ocrx_word' id='word_1_78' title='bbox 1717 1634 2220 1744; x_wconf 74' lang='lat' dir='ltr'>compositis,</span> <span class='ocrx_word' id='word_1_79' title='bbox 2283 1664 2374 1720; x_wconf 88' lang='lat' dir='ltr'>ea</span> <span class='ocrx_word' id='word_1_80' title='bbox 2456 1660 3045 1748; x_wconf 81' lang='lat' dir='ltr'>recuperaturus</span> <span class='ocrx_word' id='word_1_81' title='bbox 3124 1635 3469 1719; x_wconf 89' lang='lat' dir='ltr'>Tiberto</span> <span class='ocrx_word' id='word_1_82' title='bbox 3551 1634 4036 1721; x_wconf 87' lang='lat' dir='ltr'>Brandolino</span> <span class='ocrx_word' id='word_1_83' title='bbox 4098 1697 4125 1741; x_wconf 89' lang='lat'>,</span> <span class='ocrx_word' id='word_1_84' title='bbox 4187 1665 4273 1722; x_wconf 87' lang='lat' dir='ltr'>et</span> 
     </span>
     <span class='ocr_line' id='line_1_11' title="bbox 1317 1748 4274 1860; baseline 0.002 -27"><span class='ocrx_word' id='word_1_85' title='bbox 1317 1749 1681 1834; x_wconf 91' lang='lat' dir='ltr'>Roberto</span> <span class='ocrx_word' id='word_1_86' title='bbox 1742 1748 2337 1838; x_wconf 85' lang='lat' dir='ltr'>Sanseverinate</span> <span class='ocrx_word' id='word_1_87' title='bbox 2403 1750 2938 1837; x_wconf 81' lang='lat' dir='ltr'>celeberrimis</span> <span class='ocrx_word' id='word_1_88' title='bbox 2998 1751 3079 1836; x_wconf 91' lang='lat' dir='ltr'>in</span> <span class='ocrx_word' id='word_1_89' title='bbox 3140 1750 3384 1837; x_wconf 86' lang='lat' dir='ltr'>armis</span> <span class='ocrx_word' id='word_1_90' title='bbox 3453 1753 3809 1840; x_wconf 85' lang='lat' dir='ltr'>Ducibus</span> <span class='ocrx_word' id='word_1_91' title='bbox 3869 1751 4274 1860; x_wconf 75' lang='lat' dir='ltr'>immistis,</span> 
     </span>
     <span class='ocr_line' id='line_1_12' title="bbox 1320 1863 4266 1986; baseline 0.001 -35"><span class='ocrx_word' id='word_1_92' title='bbox 1320 1866 1417 1952; x_wconf 83' lang='lat' dir='ltr'>ad</span> <span class='ocrx_word' id='word_1_93' title='bbox 1481 1863 1964 1953; x_wconf 82' lang='lat' dir='ltr'>Sfortianam</span> <span class='ocrx_word' id='word_1_94' title='bbox 2028 1869 2541 1955; x_wconf 76' lang='lat' dir='ltr'>devotionem</span> <span class='ocrx_word' id='word_1_95' title='bbox 2605 1866 2871 1982; x_wconf 28' lang='lat' dir='ltr'>trium,</span> <span class='ocrx_word' id='word_1_96' title='bbox 2932 1869 3241 1955; x_wconf 85' lang='lat' dir='ltr'>dierum</span> <span class='ocrx_word' id='word_1_97' title='bbox 3306 1864 3556 1986; x_wconf 84' lang='lat' dir='ltr'>spatio</span> <span class='ocrx_word' id='word_1_98' title='bbox 3632 1870 3944 1957; x_wconf 73' lang='lat' dir='ltr'>redatsta</span> <span class='ocrx_word' id='word_1_99' title='bbox 4030 1870 4266 1957; x_wconf 86' lang='lat' dir='ltr'>sunt.</span> 
     </span>
     <span class='ocr_line' id='line_1_13' title="bbox 1320 1982 4276 2103; baseline 0.002 -35"><span class='ocrx_word' id='word_1_100' title='bbox 1320 1982 1496 2068; x_wconf 78' lang='lat' dir='ltr'>1²0st</span> <span class='ocrx_word' id='word_1_101' title='bbox 1555 1987 1717 2071; x_wconf 82' lang='lat' dir='ltr'>haec</span> <span class='ocrx_word' id='word_1_102' title='bbox 1744 1987 2191 2074; x_wconf 88' lang='lat' dir='ltr'>Ludovicus</span> <span class='ocrx_word' id='word_1_103' title='bbox 2249 1989 2347 2072; x_wconf 89' lang='lat' dir='ltr'>ad</span> <span class='ocrx_word' id='word_1_104' title='bbox 2414 1986 2656 2073; x_wconf 83' lang='lat' dir='ltr'>studia</span> <span class='ocrx_word' id='word_1_105' title='bbox 2716 1984 3254 2073; x_wconf 63' lang='lat' dir='ltr'>conservandas</span> <span class='ocrx_word' id='word_1_106' title='bbox 3317 1986 3526 2103; x_wconf 83' lang='lat' dir='ltr'>pacis</span> <span class='ocrx_word' id='word_1_107' title='bbox 3585 1984 3658 2074; x_wconf 90' lang='lat' dir='ltr'>se</span> <span class='ocrx_word' id='word_1_108' title='bbox 3717 1987 4276 2094; x_wconf 79' lang='lat' dir='ltr'>convertit,et</span> 
     </span>
     <span class='ocr_line' id='line_1_14' title="bbox 1315 2100 3912 2217; baseline -0.002 -25"><span class='ocrx_word' id='word_1_109' title='bbox 1315 2100 1573 2192; x_wconf 84' lang='lat' dir='ltr'>multa</span> <span class='ocrx_word' id='word_1_110' title='bbox 1637 2104 1855 2217; x_wconf 89' lang='lat' dir='ltr'>prol&#39;e</span> <span class='ocrx_word' id='word_1_111' title='bbox 1916 2102 2108 2190; x_wconf 87' lang='lat' dir='ltr'>felix</span> <span class='ocrx_word' id='word_1_112' title='bbox 2168 2134 2383 2190; x_wconf 88' lang='lat' dir='ltr'>anno</span> <span class='ocrx_word' id='word_1_113' title='bbox 2444 2110 3091 2190; x_wconf 86' lang='lat' dir='ltr'>MCCCCLXV.</span> <span class='ocrx_word' id='word_1_114' title='bbox 3154 2135 3198 2191; x_wconf 90' lang='lat' dir='ltr'>e</span> <span class='ocrx_word' id='word_1_115' title='bbox 3263 2104 3469 2192; x_wconf 86' lang='lat' dir='ltr'>vivis</span> <span class='ocrx_word' id='word_1_116' title='bbox 3527 2104 3912 2192; x_wconf 77' lang='lat' dir='ltr'>absteffit.</span> 
     </span>
    </p>

    <p class='ocr_par' dir='ltr' id='par_1_3' title="bbox 1143 2220 4383 3372">
     <span class='ocr_line' id='line_1_15' title="bbox 1491 2220 4275 2339; baseline 0.003 -35"><span class='ocrx_word' id='word_1_117' title='bbox 1491 2224 1590 2304; x_wconf 88' lang='lat' dir='ltr'>In</span> <span class='ocrx_word' id='word_1_118' title='bbox 1654 2222 1927 2307; x_wconf 88' lang='lat' dir='ltr'>medio</span> <span class='ocrx_word' id='word_1_119' title='bbox 1990 2222 2300 2308; x_wconf 88' lang='lat' dir='ltr'>secundi</span> <span class='ocrx_word' id='word_1_120' title='bbox 2363 2221 2536 2306; x_wconf 81' lang='lat' dir='ltr'>aerei</span> <span class='ocrx_word' id='word_1_121' title='bbox 2601 2220 3004 2336; x_wconf 84' lang='lat' dir='ltr'>inspicitur</span> <span class='ocrx_word' id='word_1_122' title='bbox 3062 2220 3296 2309; x_wconf 80' lang='lat' dir='ltr'>litera</span> <span class='ocrx_word' id='word_1_123' title='bbox 3358 2227 3471 2309; x_wconf 82' lang='lat' dir='ltr'>K.</span> <span class='ocrx_word' id='word_1_124' title='bbox 3528 2253 3863 2310; x_wconf 34' lang='lat' dir='ltr'>corona*</span> <span class='ocrx_word' id='word_1_125' title='bbox 3904 2223 4275 2339; x_wconf 57' lang='lat' dir='ltr'>superpoe</span> 
     </span>
     <span class='ocr_line' id='line_1_16' title="bbox 1143 2334 4274 2453; baseline 0.004 -36"><span class='ocrx_word' id='word_1_126' title='bbox 1143 2336 1251 2418; x_wconf 88' lang='lat'>11.</span> <span class='ocrx_word' id='word_1_127' title='bbox 1312 2334 1487 2440; x_wconf 86' lang='lat' dir='ltr'>fita,</span> <span class='ocrx_word' id='word_1_128' title='bbox 1544 2337 1814 2422; x_wconf 87' lang='lat' dir='ltr'>Caroli</span> <span class='ocrx_word' id='word_1_129' title='bbox 1881 2368 2173 2424; x_wconf 91' lang='lat' dir='ltr'>nomen</span> <span class='ocrx_word' id='word_1_130' title='bbox 2237 2339 2615 2443; x_wconf 83' lang='lat' dir='ltr'>indicans,</span> <span class='ocrx_word' id='word_1_131' title='bbox 2672 2337 2812 2453; x_wconf 88' lang='lat' dir='ltr'>qui</span> <span class='ocrx_word' id='word_1_132' title='bbox 2876 2339 3035 2453; x_wconf 86' lang='lat' dir='ltr'>post</span> <span class='ocrx_word' id='word_1_133' title='bbox 3101 2369 3445 2427; x_wconf 88' lang='lat' dir='ltr'>mortem</span> <span class='ocrx_word' id='word_1_134' title='bbox 3514 2341 3925 2429; x_wconf 87' lang='lat' dir='ltr'>Philiberti</span> <span class='ocrx_word' id='word_1_135' title='bbox 3976 2341 4274 2429; x_wconf 68' lang='lat' dir='ltr'>fratris</span> 
     </span>
     <span class='ocr_line' id='line_1_17' title="bbox 1311 2449 4279 2575; baseline 0.002 -38"><span class='ocrx_word' id='word_1_136' title='bbox 1311 2449 1633 2569; x_wconf 87' lang='lat' dir='ltr'>imperii</span> <span class='ocrx_word' id='word_1_137' title='bbox 1695 2456 2037 2549; x_wconf 83' lang='lat' dir='ltr'>habenas</span> <span class='ocrx_word' id='word_1_138' title='bbox 2097 2457 2417 2570; x_wconf 87' lang='lat' dir='ltr'>suscepit</span> <span class='ocrx_word' id='word_1_139' title='bbox 2479 2484 2691 2541; x_wconf 89' lang='lat' dir='ltr'>anno</span> <span class='ocrx_word' id='word_1_140' title='bbox 2756 2461 3139 2562; x_wconf 81' lang='lat' dir='ltr'><strong>MDIV.,</strong></span> <span class='ocrx_word' id='word_1_141' title='bbox 3199 2483 3280 2543; x_wconf 89' lang='lat' dir='ltr'>et</span> <span class='ocrx_word' id='word_1_142' title='bbox 3341 2457 3425 2541; x_wconf 88' lang='lat' dir='ltr'>in</span> <span class='ocrx_word' id='word_1_143' title='bbox 3491 2457 3657 2567; x_wconf 85' lang='lat' dir='ltr'>ejus</span> <span class='ocrx_word' id='word_1_144' title='bbox 3719 2459 4018 2547; x_wconf 86' lang='lat' dir='ltr'>circulo</span> <span class='ocrx_word' id='word_1_145' title='bbox 4077 2460 4279 2575; x_wconf 87' lang='lat' dir='ltr'>legi·</span> 
     </span>
     <span class='ocr_line' id='line_1_18' title="bbox 1310 2571 4271 2690; baseline 0.002 -34"><span class='ocrx_word' id='word_1_146' title='bbox 1310 2571 1666 2687; x_wconf 13' lang='lat' dir='ltr'>turthaec</span> <span class='ocrx_word' id='word_1_147' title='bbox 1728 2572 2190 2690; x_wconf 84' lang='lat' dir='ltr'>epigraphes</span> <span class='ocrx_word' id='word_1_148' title='bbox 2253 2577 2780 2684; x_wconf 79' lang='lat' dir='ltr'>CAROLUS</span> <span class='ocrx_word' id='word_1_149' title='bbox 2842 2571 2952 2659; x_wconf 83' lang='grc' dir='ltr'>ΙΙ.</span> <span class='ocrx_word' id='word_1_150' title='bbox 3016 2580 3254 2663; x_wconf 87' lang='lat' dir='ltr'>DVX</span> <span class='ocrx_word' id='word_1_151' title='bbox 3309 2578 4010 2678; x_wconf 64' lang='lat' dir='ltr'>SABAVDiaeJn</span> <span class='ocrx_word' id='word_1_152' title='bbox 4052 2606 4271 2663; x_wconf 88' lang='lat' dir='ltr'>aver·</span> 
     </span>
     <span class='ocr_line' id='line_1_19' title="bbox 1311 2687 4383 2810; baseline 0 -34"><span class='ocrx_word' id='word_1_153' title='bbox 1311 2687 1403 2776; x_wconf 78' lang='lat' dir='ltr'>sae</span> <span class='ocrx_word' id='word_1_154' title='bbox 1468 2688 1707 2804; x_wconf 87' lang='lat' dir='ltr'>partis</span> <span class='ocrx_word' id='word_1_155' title='bbox 1771 2694 2125 2809; x_wconf 83' lang='lat' dir='ltr'>margine</span> <span class='ocrx_word' id='word_1_156' title='bbox 2188 2694 2306 2780; x_wconf 80' lang='lat' dir='ltr'>ltae</span> <span class='ocrx_word' id='word_1_157' title='bbox 2367 2721 2599 2779; x_wconf 88' lang='lat' dir='ltr'>voces</span> <span class='ocrx_word' id='word_1_158' title='bbox 2659 2713 2992 2779; x_wconf 78' lang='lat' dir='ltr'>exaratae</span> <span class='ocrx_word' id='word_1_159' title='bbox 3076 2695 3669 2810; x_wconf 88' lang='lat' dir='ltr'>perpenduntur</span> <span class='ocrx_word' id='word_1_160' title='bbox 3746 2698 4272 2785; x_wconf 77' lang='lat' dir='ltr'>PRETOr-r‘ae</span> <span class='ocrx_word' id='word_1_161' title='bbox 4346 2736 4383 2744; x_wconf 40' lang='grc' dir='ltr'><em>ο</em></span> 
     </span>
     <span class='ocr_line' id='line_1_20' title="bbox 1305 2808 4268 2929; baseline 0.002 -35"><span class='ocrx_word' id='word_1_162' title='bbox 1305 2811 1850 2897; x_wconf 85' lang='lat' dir='ltr'>AVGUSTE</span> <span class='ocrx_word' id='word_1_163' title='bbox 1910 2808 2117 2901; x_wconf 74' lang='lat' dir='ltr'>Sacri</span> <span class='ocrx_word' id='word_1_164' title='bbox 2176 2813 2503 2925; x_wconf 63' lang='lat' dir='ltr'>Romani</span> <span class='ocrx_word' id='word_1_165' title='bbox 2562 2813 2913 2898; x_wconf 72' lang='lat' dir='ltr'>IMPerii</span> <span class='ocrx_word' id='word_1_166' title='bbox 2973 2815 3487 2927; x_wconf 80' lang='lat' dir='ltr'>PRlNceps:</span> <span class='ocrx_word' id='word_1_167' title='bbox 3573 2815 3654 2896; x_wconf 83' lang='lat' dir='ltr'>in</span> <span class='ocrx_word' id='word_1_168' title='bbox 3718 2844 3901 2901; x_wconf 83' lang='lat' dir='ltr'>area</span> <span class='ocrx_word' id='word_1_169' title='bbox 3933 2811 4268 2929; x_wconf 83' lang='lat' dir='ltr'>insculp-</span> 
     </span>
     <span class='ocr_line' id='line_1_21' title="bbox 1308 2923 4281 3046; baseline 0.001 -34"><span class='ocrx_word' id='word_1_170' title='bbox 1308 2923 1374 3012; x_wconf 87' lang='lat' dir='ltr'>ti</span> <span class='ocrx_word' id='word_1_171' title='bbox 1432 2954 1819 3041; x_wconf 85' lang='lat' dir='ltr'>apparent</span> <span class='ocrx_word' id='word_1_172' title='bbox 1877 2957 2219 3046; x_wconf 86' lang='lat' dir='ltr'>quatuor</span> <span class='ocrx_word' id='word_1_173' title='bbox 2277 2927 2462 3016; x_wconf 90' lang='lat' dir='ltr'>nodi</span> <span class='ocrx_word' id='word_1_174' title='bbox 2524 2958 2707 3015; x_wconf 88' lang='lat' dir='ltr'>cum</span> <span class='ocrx_word' id='word_1_175' title='bbox 2771 2929 3109 3015; x_wconf 88' lang='lat' dir='ltr'>totidem</span> <span class='ocrx_word' id='word_1_176' title='bbox 3173 2929 3380 3043; x_wconf 67' lang='lat' dir='ltr'>siglis</span> <span class='ocrx_word' id='word_1_177' title='bbox 3440 2928 3573 3043; x_wconf 88' lang='lat'>(2)</span> <span class='ocrx_word' id='word_1_178' title='bbox 3640 2939 3724 3017; x_wconf 74' lang='grc' dir='ltr'>Ρ.</span> <span class='ocrx_word' id='word_1_179' title='bbox 3788 2938 3881 3018; x_wconf 89' lang='grc' dir='ltr'>Ε.</span> <span class='ocrx_word' id='word_1_180' title='bbox 3946 2938 4045 3017; x_wconf 91' lang='lat' dir='ltr'>R.</span> <span class='ocrx_word' id='word_1_181' title='bbox 4106 2938 4212 3016; x_wconf 91' lang='lat' dir='ltr'>T.</span> <span class='ocrx_word' id='word_1_182' title='bbox 4250 2990 4281 3036; x_wconf 89' lang='lat'>,</span> 
     </span>
     <span class='ocr_line' id='line_1_22' title="bbox 1301 3043 4203 3164; baseline 0.001 -34"><span class='ocrx_word' id='word_1_183' title='bbox 1301 3069 1641 3158; x_wconf 84' lang='lat' dir='ltr'>quarum</span> <span class='ocrx_word' id='word_1_184' title='bbox 1704 3049 2133 3164; x_wconf 82' lang='lat' dir='ltr'>explicatio</span> <span class='ocrx_word' id='word_1_185' title='bbox 2191 3044 2293 3133; x_wconf 78' lang='lat' dir='ltr'>sic</span> <span class='ocrx_word' id='word_1_186' title='bbox 2354 3047 2707 3132; x_wconf 85' lang='lat' dir='ltr'>habenda</span> <span class='ocrx_word' id='word_1_187' title='bbox 2766 3043 3172 3152; x_wconf 65' lang='lat' dir='ltr'>Fortitudo</span> <span class='ocrx_word' id='word_1_188' title='bbox 3232 3052 3391 3147; x_wconf 80' lang='lat' dir='ltr'>ejus</span> <span class='ocrx_word' id='word_1_189' title='bbox 3452 3048 3810 3131; x_wconf 76' lang='lat' dir='ltr'>Rhodum</span> <span class='ocrx_word' id='word_1_190' title='bbox 3871 3050 4123 3135; x_wconf 76' lang='lat' dir='ltr'>tenuit</span> <span class='ocrx_word' id='word_1_191' title='bbox 4176 3108 4203 3132; x_wconf 88' lang='lat'><strong>.</strong></span> 
     </span>
     <span class='ocr_line' id='line_1_23' title="bbox 1482 3163 4264 3370; baseline 0.002 -120"><span class='ocrx_word' id='word_1_192' title='bbox 1482 3167 1930 3282; x_wconf 81' lang='lat' dir='ltr'>Argenteus</span> <span class='ocrx_word' id='word_1_193' title='bbox 1952 3166 2225 3255; x_wconf 88' lang='lat' dir='ltr'>tertius</span> <span class='ocrx_word' id='word_1_194' title='bbox 2245 3164 2577 3252; x_wconf 85' lang='lat' dir='ltr'>ostendit</span> <span class='ocrx_word' id='word_1_195' title='bbox 2637 3165 2720 3251; x_wconf 92' lang='lat' dir='ltr'>in</span> <span class='ocrx_word' id='word_1_196' title='bbox 2748 3164 3121 3253; x_wconf 87' lang='lat' dir='ltr'>anteriori</span> <span class='ocrx_word' id='word_1_197' title='bbox 3156 3163 3411 3253; x_wconf 88' lang='lat' dir='ltr'>fronte</span> <span class='ocrx_word' id='word_1_198' title='bbox 3436 3193 3441 3198; x_wconf 85' lang='lat'>·</span> <span class='ocrx_word' id='word_1_199' title='bbox 3473 3165 3497 3249; x_wconf 86' lang='lat' dir='ltr'>i</span> <span class='ocrx_word' id='word_1_200' title='bbox 3505 3168 3703 3290; x_wconf 81' lang='lat' dir='ltr'>plius</span> <span class='ocrx_word' id='word_1_201' title='bbox 3733 3168 3998 3255; x_wconf 84' lang='lat' dir='ltr'>Caroli</span> <span class='ocrx_word' id='word_1_202' title='bbox 4026 3194 4264 3370; x_wconf 71' lang='lat' dir='ltr'>csaput</span> 
     </span>
     <span class='ocr_line' id='line_1_24' title="bbox 3952 3288 4155 3372; baseline 0.015 -3"><span class='ocrx_word' id='word_1_203' title='bbox 3952 3288 4155 3372; x_wconf 79' lang='lat' dir='ltr'>hice</span> 
     </span>
    </p>
   </div>
   <div class='ocr_carea' id='block_1_3' title="bbox 1053 3537 4385 5288">
    <p class='ocr_par' dir='ltr' id='par_1_4' title="bbox 1304 3537 4259 4250">
     <span class='ocr_line' id='line_1_25' title="bbox 1304 3537 4253 3646; baseline 0 -32"><span class='ocrx_word' id='word_1_204' title='bbox 1304 3538 1418 3642; x_wconf 85' lang='lat' dir='ltr'>(t)</span> <span class='ocrx_word' id='word_1_205' title='bbox 1474 3545 1833 3622; x_wconf 83' lang='lat' dir='ltr'>Amedeus</span> <span class='ocrx_word' id='word_1_206' title='bbox 1906 3568 2101 3646; x_wconf 85' lang='lat' dir='ltr'>pater</span> <span class='ocrx_word' id='word_1_207' title='bbox 2153 3575 2338 3622; x_wconf 89' lang='lat' dir='ltr'>anno</span> <span class='ocrx_word' id='word_1_208' title='bbox 2412 3537 3141 3631; x_wconf 67' lang='lat' dir='ltr'>Mccccxxxlv„</span> <span class='ocrx_word' id='word_1_209' title='bbox 3196 3561 3276 3614; x_wconf 89' lang='lat' dir='ltr'>ut</span> <span class='ocrx_word' id='word_1_210' title='bbox 3318 3540 3572 3618; x_wconf 86' lang='lat' dir='ltr'>melius</span> <span class='ocrx_word' id='word_1_211' title='bbox 3634 3549 3788 3617; x_wconf 90' lang='lat' dir='ltr'>Deo</span> <span class='ocrx_word' id='word_1_212' title='bbox 3862 3540 4253 3634; x_wconf 82' lang='lat' dir='ltr'>inserviret,</span> 
     </span>
     <span class='ocr_line' id='line_1_26' title="bbox 1396 3642 4257 3745; baseline -0 -28"><span class='ocrx_word' id='word_1_213' title='bbox 1396 3647 1801 3745; x_wconf 84' lang='lat' dir='ltr'>principatu</span> <span class='ocrx_word' id='word_1_214' title='bbox 1856 3648 1922 3723; x_wconf 91' lang='lat' dir='ltr'>se</span> <span class='ocrx_word' id='word_1_215' title='bbox 1975 3647 2375 3738; x_wconf 82' lang='lat' dir='ltr'>abdicavit,</span> <span class='ocrx_word' id='word_1_216' title='bbox 2429 3649 2499 3718; x_wconf 85' lang='lat'>&amp;</span> <span class='ocrx_word' id='word_1_217' title='bbox 2554 3645 2637 3718; x_wconf 85' lang='lat' dir='ltr'>ad</span> <span class='ocrx_word' id='word_1_218' title='bbox 2696 3645 2992 3741; x_wconf 73' lang='lat' dir='ltr'>Ripaliae</span> <span class='ocrx_word' id='word_1_219' title='bbox 3048 3642 3504 3717; x_wconf 85' lang='lat' dir='ltr'>solitudinem</span> <span class='ocrx_word' id='word_1_220' title='bbox 3550 3644 4027 3718; x_wconf 85' lang='lat' dir='ltr'>Gebennenfis</span> <span class='ocrx_word' id='word_1_221' title='bbox 4054 3646 4257 3717; x_wconf 81' lang='lat' dir='ltr'>Dioe-</span> 
     </span>
     <span class='ocr_line' id='line_1_27' title="bbox 1398 3744 4249 3850; baseline -0.003 -26"><span class='ocrx_word' id='word_1_222' title='bbox 1398 3748 1564 3824; x_wconf 86' lang='lat' dir='ltr'>cefis</span> <span class='ocrx_word' id='word_1_223' title='bbox 1616 3748 1927 3850; x_wconf 82' lang='lat' dir='ltr'>seceffit3</span> <span class='ocrx_word' id='word_1_224' title='bbox 1985 3750 2220 3848; x_wconf 86' lang='lat' dir='ltr'>ibique</span> <span class='ocrx_word' id='word_1_225' title='bbox 2277 3749 2703 3824; x_wconf 86' lang='lat' dir='ltr'>Divinarum</span> <span class='ocrx_word' id='word_1_226' title='bbox 2758 3770 2984 3818; x_wconf 88' lang='lat' dir='ltr'>rerum</span> <span class='ocrx_word' id='word_1_227' title='bbox 3060 3745 3787 3843; x_wconf 86' lang='lat' dir='ltr'>contemplationibus</span> <span class='ocrx_word' id='word_1_228' title='bbox 3831 3764 3983 3835; x_wconf 89' lang='lat' dir='ltr'>,.et</span> <span class='ocrx_word' id='word_1_229' title='bbox 4044 3744 4249 3820; x_wconf 84' lang='lat' dir='ltr'>Chri-</span> 
     </span>
     <span class='ocr_line' id='line_1_28' title="bbox 1395 3845 4249 3944; baseline -0.002 -20"><span class='ocrx_word' id='word_1_230' title='bbox 1395 3847 1624 3925; x_wconf 83' lang='lat' dir='ltr'>stianae</span> <span class='ocrx_word' id='word_1_231' title='bbox 1679 3851 1962 3938; x_wconf 79' lang='lat' dir='ltr'>pietatis</span> <span class='ocrx_word' id='word_1_232' title='bbox 2014 3850 2255 3925; x_wconf 87' lang='lat' dir='ltr'>studiis</span> <span class='ocrx_word' id='word_1_233' title='bbox 2311 3872 2538 3925; x_wconf 89' lang='lat' dir='ltr'>torum</span> <span class='ocrx_word' id='word_1_234' title='bbox 2586 3846 2652 3920; x_wconf 89' lang='lat' dir='ltr'>se</span> <span class='ocrx_word' id='word_1_235' title='bbox 2674 3845 3203 3920; x_wconf 80' lang='lat' dir='ltr'>dedit-Graves</span> <span class='ocrx_word' id='word_1_236' title='bbox 3257 3871 3335 3918; x_wconf 84' lang='lat' dir='ltr'>ea</span> <span class='ocrx_word' id='word_1_237' title='bbox 3391 3846 3800 3944; x_wconf 82' lang='lat' dir='ltr'>tempestate</span> <span class='ocrx_word' id='word_1_238' title='bbox 3853 3845 4041 3920; x_wconf 89' lang='lat' dir='ltr'>inter</span> <span class='ocrx_word' id='word_1_239' title='bbox 4073 3850 4249 3920; x_wconf 83' lang='lat' dir='ltr'>Pon-</span> 
     </span>
     <span class='ocr_line' id='line_1_29' title="bbox 1393 3945 4247 4052; baseline -0.002 -24"><span class='ocrx_word' id='word_1_240' title='bbox 1393 3949 1715 4044; x_wconf 84' lang='lat' dir='ltr'>tificem,</span> <span class='ocrx_word' id='word_1_241' title='bbox 1769 3975 1844 4029; x_wconf 93' lang='lat' dir='ltr'>et</span> <span class='ocrx_word' id='word_1_242' title='bbox 1901 3956 2318 4052; x_wconf 86' lang='lat' dir='ltr'>Purpuratos</span> <span class='ocrx_word' id='word_1_243' title='bbox 2371 3948 2761 4052; x_wconf 80' lang='lat' dir='ltr'>gliscebant</span> <span class='ocrx_word' id='word_1_244' title='bbox 2815 3945 3306 4020; x_wconf 86' lang='lat' dir='ltr'>contentiones</span> <span class='ocrx_word' id='word_1_245' title='bbox 3350 3973 3374 4047; x_wconf 85' lang='lat'>;</span> <span class='ocrx_word' id='word_1_246' title='bbox 3433 3949 3696 4021; x_wconf 87' lang='lat' dir='ltr'>etenim</span> <span class='ocrx_word' id='word_1_247' title='bbox 3748 3948 4105 4046; x_wconf 86' lang='lat' dir='ltr'>Eugenius</span> <span class='ocrx_word' id='word_1_248' title='bbox 4163 3947 4247 4021; x_wconf 87' lang='lat' dir='ltr'>ad</span> 
     </span>
     <span class='ocr_line' id='line_1_30' title="bbox 1395 4048 4259 4131; baseline -0.002 -2"><span class='ocrx_word' id='word_1_249' title='bbox 1395 4053 1905 4131; x_wconf 81' lang='lat' dir='ltr'>Pontificatum</span> <span class='ocrx_word' id='word_1_250' title='bbox 1962 4055 2227 4128; x_wconf 61' lang='lat' dir='ltr'>erectus</span> <span class='ocrx_word' id='word_1_251' title='bbox 2302 4050 2932 4127; x_wconf 85' lang='lat' dir='ltr'><strong>MCCCCXXXI.</strong></span> <span class='ocrx_word' id='word_1_252' title='bbox 3004 4050 3248 4121; x_wconf 89' lang='lat' dir='ltr'>eodem</span> <span class='ocrx_word' id='word_1_253' title='bbox 3327 4075 3512 4124; x_wconf 67' lang='lat' dir='ltr'>anno</span> <span class='ocrx_word' id='word_1_254' title='bbox 3570 4049 3652 4123; x_wconf 83' lang='lat' dir='ltr'>ad</span> <span class='ocrx_word' id='word_1_255' title='bbox 3731 4048 4259 4124; x_wconf 84' lang='lat' dir='ltr'>reformandam</span> 
     </span>
     <span class='ocr_line' id='line_1_31' title="bbox 1390 4149 4258 4250; baseline -0.003 -17"><span class='ocrx_word' id='word_1_256' title='bbox 1390 4157 1778 4233; x_wconf 80' lang='lat' dir='ltr'>Ecclefiam</span> <span class='ocrx_word' id='word_1_257' title='bbox 1836 4156 2111 4232; x_wconf 82' lang='lat' dir='ltr'>Bafileae</span> <span class='ocrx_word' id='word_1_258' title='bbox 2167 4149 2943 4240; x_wconf 60' lang='lat' dir='ltr'>indicioconcilima</span> <span class='ocrx_word' id='word_1_259' title='bbox 3002 4151 3325 4222; x_wconf 85' lang='lat' dir='ltr'>Patribus</span> <span class='ocrx_word' id='word_1_260' title='bbox 3381 4149 4258 4250; x_wconf 84' lang='lat' dir='ltr'>inConciliabolumver-</span> 
     </span>
    </p>

    <p class='ocr_par' dir='ltr' id='par_1_5' title="bbox 1297 4249 4241 4351">
     <span class='ocr_line' id='line_1_32' title="bbox 1297 4249 4241 4351; baseline -0.002 -19"><span class='ocrx_word' id='word_1_261' title='bbox 1297 4318 1302 4324; x_wconf 77' lang='grc'><strong>.</strong></span> <span class='ocrx_word' id='word_1_262' title='bbox 1384 4255 1537 4332; x_wconf 90' lang='lat' dir='ltr'>sum</span> <span class='ocrx_word' id='word_1_263' title='bbox 1592 4257 1826 4351; x_wconf 87' lang='lat' dir='ltr'>est,et</span> <span class='ocrx_word' id='word_1_264' title='bbox 1878 4259 1962 4332; x_wconf 87' lang='lat' dir='ltr'>de</span> <span class='ocrx_word' id='word_1_265' title='bbox 2017 4249 2534 4350; x_wconf 66' lang='lat' dir='ltr'>exaucqmrando</span> <span class='ocrx_word' id='word_1_266' title='bbox 2572 4249 2943 4326; x_wconf 77' lang='lat' dir='ltr'>&#39;Pontifice</span> <span class='ocrx_word' id='word_1_267' title='bbox 2998 4252 3439 4350; x_wconf 82' lang='lat' dir='ltr'>cogitatum.</span> <span class='ocrx_word' id='word_1_268' title='bbox 3497 4255 3745 4351; x_wconf 83' lang='lat' dir='ltr'>Itaque</span> <span class='ocrx_word' id='word_1_269' title='bbox 3801 4251 3953 4351; x_wconf 66' lang='lat' dir='ltr'>post&#39;</span> <span class='ocrx_word' id='word_1_270' title='bbox 3986 4257 4241 4351; x_wconf 58' lang='lat' dir='ltr'>*longas</span> 
     </span>
    </p>

    <p class='ocr_par' dir='ltr' id='par_1_6' title="bbox 1201 4354 4298 4458">
     <span class='ocr_line' id='line_1_33' title="bbox 1201 4354 4298 4458; baseline -0.002 -24"><span class='ocrx_word' id='word_1_271' title='bbox 1201 4429 1207 4434; x_wconf 92' lang='lat'><em>.</em></span> <span class='ocrx_word' id='word_1_272' title='bbox 1286 4372 1290 4377; x_wconf 85' lang='grc'><em>’</em></span> <span class='ocrx_word' id='word_1_273' title='bbox 1386 4358 1930 4458; x_wconf 88' lang='lat' dir='ltr'>disceptationes</span> <span class='ocrx_word' id='word_1_274' title='bbox 1983 4359 2263 4432; x_wconf 88' lang='lat' dir='ltr'>tandem</span> <span class='ocrx_word' id='word_1_275' title='bbox 2325 4363 2509 4430; x_wconf 82' lang='lat' dir='ltr'>an&#39;no</span> <span class='ocrx_word' id='word_1_276' title='bbox 2562 4355 3263 4440; x_wconf 81' lang='lat' dir='ltr'>Mccccxxxlx.</span> <span class='ocrx_word' id='word_1_277' title='bbox 3317 4356 3464 4427; x_wconf 85' lang='lat' dir='ltr'>lata</span> <span class='ocrx_word' id='word_1_278' title='bbox 3535 4355 3633 4426; x_wconf 84' lang='lat' dir='ltr'>in·</span> <span class='ocrx_word' id='word_1_279' title='bbox 3673 4354 4074 4452; x_wconf 78' lang='lat' dir='ltr'>Eugenium</span> <span class='ocrx_word' id='word_1_280' title='bbox 4130 4357 4246 4427; x_wconf 87' lang='lat' dir='ltr'>de·</span> <span class='ocrx_word' id='word_1_281' title='bbox 4290 4401 4298 4409; x_wconf 90' lang='lat'><strong>·</strong></span> 
     </span>
    </p>

    <p class='ocr_par' dir='ltr' id='par_1_7' title="bbox 1053 4449 4353 4560">
     <span class='ocr_line' id='line_1_34' title="bbox 1053 4449 4353 4560; baseline -0.003 -24"><span class='ocrx_word' id='word_1_282' title='bbox 1053 4449 1060 4456; x_wconf 50' lang='grc'><strong>’</strong></span> <span class='ocrx_word' id='word_1_283' title='bbox 1182 4456 1203 4477; x_wconf 69' lang='grc'>’“</span> <span class='ocrx_word' id='word_1_284' title='bbox 1289 4461 1754 4560; x_wconf 63' lang='lat' dir='ltr'>“positionis</span> <span class='ocrx_word' id='word_1_285' title='bbox 1807 4458 2195 4551; x_wconf 87' lang='lat' dir='ltr'>sententia,</span> <span class='ocrx_word' id='word_1_286' title='bbox 2252 4459 2326 4531; x_wconf 90' lang='lat' dir='ltr'>in</span> <span class='ocrx_word' id='word_1_287' title='bbox 2383 4456 2529 4552; x_wconf 84' lang='lat' dir='ltr'>ejus</span> <span class='ocrx_word' id='word_1_288' title='bbox 2576 4457 2818 4528; x_wconf 63' lang='lat' dir='ltr'>⁴locum</span> <span class='ocrx_word' id='word_1_289' title='bbox 2895 4457 3295 4529; x_wconf 88' lang='lat' dir='ltr'>Amedeum</span> <span class='ocrx_word' id='word_1_290' title='bbox 3374 4481 3534 4529; x_wconf 90' lang='lat' dir='ltr'>cum</span> <span class='ocrx_word' id='word_1_291' title='bbox 3616 4457 3925 4545; x_wconf 81' lang='lat' dir='ltr'>nomine</span> <span class='ocrx_word' id='word_1_292' title='bbox 3986 4456 4245 4528; x_wconf 73' lang='lat' dir='ltr'>felicis</span> <span class='ocrx_word' id='word_1_293' title='bbox 4346 4553 4353 4558; x_wconf 17' lang='grc' dir='ltr'><em>η</em></span> 
     </span>
    </p>

    <p class='ocr_par' dir='ltr' id='par_1_8' title="bbox 1227 4549 4249 5053">
     <span class='ocr_line' id='line_1_35' title="bbox 1386 4549 4247 4668; baseline -0.003 -28"><span class='ocrx_word' id='word_1_294' title='bbox 1386 4569 1481 4640; x_wconf 82' lang='lat' dir='ltr'>V.</span> <span class='ocrx_word' id='word_1_295' title='bbox 1533 4549 1942 4668; x_wconf 83' lang='lat' dir='ltr'>elegerunt,</span> <span class='ocrx_word' id='word_1_296' title='bbox 1994 4564 2113 4665; x_wconf 87' lang='lat' dir='ltr'>qui</span> <span class='ocrx_word' id='word_1_297' title='bbox 2168 4584 2325 4637; x_wconf 86' lang='lat' dir='ltr'>cum</span> <span class='ocrx_word' id='word_1_298' title='bbox 2386 4587 2505 4660; x_wconf 88' lang='lat' dir='ltr'>per</span> <span class='ocrx_word' id='word_1_299' title='bbox 2555 4559 2978 4633; x_wconf 80' lang='lat' dir='ltr'>decennium</span> <span class='ocrx_word' id='word_1_300' title='bbox 3032 4583 3114 4631; x_wconf 92' lang='lat' dir='ltr'>eo</span> <span class='ocrx_word' id='word_1_301' title='bbox 3166 4557 3244 4630; x_wconf 89' lang='lat' dir='ltr'>in</span> <span class='ocrx_word' id='word_1_302' title='bbox 3294 4582 3600 4652; x_wconf 25' lang='lat' dir='ltr'>‘minnere‘</span> <span class='ocrx_word' id='word_1_303' title='bbox 3636 4554 3706 4654; x_wconf 19' lang='lat' dir='ltr'>&#39;se</span> <span class='ocrx_word' id='word_1_304' title='bbox 3759 4553 4073 4657; x_wconf 83' lang='lat' dir='ltr'>geffiffet‘</span> <span class='ocrx_word' id='word_1_305' title='bbox 4105 4611 4125 4648; x_wconf 82' lang='lat'>,</span> <span class='ocrx_word' id='word_1_306' title='bbox 4167 4576 4247 4630; x_wconf 91' lang='lat' dir='ltr'>ut</span> 
     </span>
     <span class='ocr_line' id='line_1_36' title="bbox 1227 4659 4244 4768; baseline -0.005 -23"><span class='ocrx_word' id='word_1_307' title='bbox 1227 4739 1241 4751; x_wconf 84' lang='grc'><em>,</em></span> <span class='ocrx_word' id='word_1_308' title='bbox 1386 4668 1713 4744; x_wconf 77' lang='lat' dir='ltr'>Ecclefiae</span> <span class='ocrx_word' id='word_1_309' title='bbox 1767 4692 2010 4768; x_wconf 79' lang='lat' dir='ltr'>pacem</span> <span class='ocrx_word' id='word_1_310' title='bbox 2064 4666 2285 4756; x_wconf 80' lang='lat' dir='ltr'>daret,</span> <span class='ocrx_word' id='word_1_311' title='bbox 2311 4663 2560 4758; x_wconf 58' lang='lat' dir='ltr'>sponte,</span> <span class='ocrx_word' id='word_1_312' title='bbox 2612 4659 3120 4743; x_wconf 83' lang='lat' dir='ltr'>Pontificatum</span> <span class='ocrx_word' id='word_1_313' title='bbox 3174 4660 3488 4752; x_wconf 75' lang='lat' dir='ltr'>dimisit,</span> <span class='ocrx_word' id='word_1_314' title='bbox 3544 4681 3616 4734; x_wconf 90' lang='lat' dir='ltr'>et</span> <span class='ocrx_word' id='word_1_315' title='bbox 3666 4661 4023 4758; x_wconf 86' lang='lat' dir='ltr'>Ripaliam</span> <span class='ocrx_word' id='word_1_316' title='bbox 4072 4660 4244 4735; x_wconf 78' lang='lat' dir='ltr'>Car·</span> 
     </span>
     <span class='ocr_line' id='line_1_37' title="bbox 1386 4757 4245 4871; baseline -0.004 -27"><span class='ocrx_word' id='word_1_317' title='bbox 1386 4768 1723 4845; x_wconf 77' lang='lat' dir='ltr'>dinalitia</span> <span class='ocrx_word' id='word_1_318' title='bbox 1776 4767 2132 4871; x_wconf 87' lang='lat' dir='ltr'>dignitate</span> <span class='ocrx_word' id='word_1_319' title='bbox 2189 4793 2225 4840; x_wconf 89' lang='lat' dir='ltr'>a</span> <span class='ocrx_word' id='word_1_320' title='bbox 2285 4766 2593 4840; x_wconf 80' lang='lat' dir='ltr'>Nicolao</span> <span class='ocrx_word' id='word_1_321' title='bbox 2617 4767 2711 4835; x_wconf 82' lang='lat' dir='ltr'>V.</span> <span class='ocrx_word' id='word_1_322' title='bbox 2746 4764 3069 4862; x_wconf 72' lang='lat' dir='ltr'>Eugenii</span> <span class='ocrx_word' id='word_1_323' title='bbox 3129 4757 3500 4836; x_wconf 83' lang='lat' dir='ltr'>successore</span> <span class='ocrx_word' id='word_1_324' title='bbox 3553 4762 3628 4836; x_wconf 90' lang='lat' dir='ltr'>in</span> <span class='ocrx_word' id='word_1_325' title='bbox 3689 4763 4051 4860; x_wconf 79' lang='lat' dir='ltr'>praemium</span> <span class='ocrx_word' id='word_1_326' title='bbox 4109 4757 4245 4832; x_wconf 87' lang='lat' dir='ltr'>vir·</span> 
     </span>
     <span class='ocr_line' id='line_1_38' title="bbox 1385 4860 4249 4973; baseline -0.003 -29"><span class='ocrx_word' id='word_1_327' title='bbox 1385 4870 1566 4946; x_wconf 80' lang='lat' dir='ltr'>tutis</span> <span class='ocrx_word' id='word_1_328' title='bbox 1618 4862 2015 4973; x_wconf 65' lang='lat' dir='ltr'>infign‘itus·</span> <span class='ocrx_word' id='word_1_329' title='bbox 2043 4865 2350 4942; x_wconf 88' lang='lat' dir='ltr'>reversus</span> <span class='ocrx_word' id='word_1_330' title='bbox 2404 4863 2497 4939; x_wconf 84' lang='lat' dir='ltr'>est</span> <span class='ocrx_word' id='word_1_331' title='bbox 2537 4888 2575 4964; x_wconf 25' lang='lat'>;⁷</span> <span class='ocrx_word' id='word_1_332' title='bbox 2620 4862 2860 4963; x_wconf 86' lang='lat' dir='ltr'>ibique</span> <span class='ocrx_word' id='word_1_333' title='bbox 2915 4891 3100 4939; x_wconf 84' lang='lat' dir='ltr'>anno</span> <span class='ocrx_word' id='word_1_334' title='bbox 3153 4867 3690 4952; x_wconf 83' lang='lat' dir='ltr'><strong>MCCCCLII.</strong></span> <span class='ocrx_word' id='word_1_335' title='bbox 3743 4860 4017 4937; x_wconf 85' lang='lat' dir='ltr'>cursum</span> <span class='ocrx_word' id='word_1_336' title='bbox 4082 4861 4249 4936; x_wconf 64' lang='lat' dir='ltr'>vita</span> 
     </span>
     <span class='ocr_line' id='line_1_39' title="bbox 1381 4969 4211 5053; baseline -0.004 -8"><span class='ocrx_word' id='word_1_337' title='bbox 1381 4969 1512 5045; x_wconf 80' lang='lat' dir='ltr'>suae</span> <span class='ocrx_word' id='word_1_338' title='bbox 1566 4971 1922 5050; x_wconf 83' lang='lat' dir='ltr'>confecit.</span> <span class='ocrx_word' id='word_1_339' title='bbox 2455 5022 2471 5035; x_wconf 86' lang='lat'><strong>.</strong></span> <span class='ocrx_word' id='word_1_340' title='bbox 2792 5033 2797 5038; x_wconf 78' lang='grc'><strong>.</strong></span> <span class='ocrx_word' id='word_1_341' title='bbox 3358 5048 3363 5053; x_wconf 92' lang='lat'><strong>.</strong></span> <span class='ocrx_word' id='word_1_342' title='bbox 3720 4973 3723 4976; x_wconf 79' lang='grc'><strong>’</strong></span> <span class='ocrx_word' id='word_1_343' title='bbox 4206 4985 4211 4990; x_wconf 86' lang='grc'><em>·</em></span> 
     </span>
    </p>

    <p class='ocr_par' dir='ltr' id='par_1_9' title="bbox 1277 5056 4385 5174">
     <span class='ocr_line' id='line_1_40' title="bbox 1277 5056 4385 5174; baseline -0.003 -27"><span class='ocrx_word' id='word_1_344' title='bbox 1277 5070 1388 5171; x_wconf 80' lang='lat'>(2)</span> <span class='ocrx_word' id='word_1_345' title='bbox 1446 5075 1610 5166; x_wconf 84' lang='lat' dir='ltr'>Qua</span> <span class='ocrx_word' id='word_1_346' title='bbox 1664 5076 1750 5150; x_wconf 90' lang='lat' dir='ltr'>de</span> <span class='ocrx_word' id='word_1_347' title='bbox 1805 5056 2046 5146; x_wconf 81' lang='lat' dir='ltr'>caussa·</span> <span class='ocrx_word' id='word_1_348' title='bbox 2080 5065 2436 5147; x_wconf 81' lang='lat' dir='ltr'>Sabaudiae</span> <span class='ocrx_word' id='word_1_349' title='bbox 2464 5057 2825 5166; x_wconf 65' lang='lat' dir='ltr'>Principes</span> <span class='ocrx_word' id='word_1_350' title='bbox 2879 5065 3079 5141; x_wconf 81' lang='lat' dir='ltr'>hasce</span> <span class='ocrx_word' id='word_1_351' title='bbox 3136 5066 3335 5168; x_wconf 72' lang='lat' dir='ltr'>siglas</span> <span class='ocrx_word' id='word_1_352' title='bbox 3383 5065 3457 5141; x_wconf 89' lang='lat' dir='ltr'>in</span> <span class='ocrx_word' id='word_1_353' title='bbox 3516 5061 4243 5174; x_wconf 59' lang='lat' dir='ltr'>monetisinscripse7</span> <span class='ocrx_word' id='word_1_354' title='bbox 4376 5154 4385 5162; x_wconf 26' lang='grc' dir='ltr'>ι</span> 
     </span>
    </p>

    <p class='ocr_par' dir='ltr' id='par_1_10' title="bbox 1391 5168 3903 5288">
     <span class='ocr_line' id='line_1_41' title="bbox 1391 5168 3903 5288; baseline -0.003 -41"><span class='ocrx_word' id='word_1_355' title='bbox 1391 5172 1590 5269; x_wconf 86' lang='lat' dir='ltr'>rint,</span> <span class='ocrx_word' id='word_1_356' title='bbox 1644 5195 1719 5254; x_wconf 89' lang='lat' dir='ltr'>et</span> <span class='ocrx_word' id='word_1_357' title='bbox 1769 5173 2049 5273; x_wconf 80' lang='lat' dir='ltr'>quando</span> <span class='ocrx_word' id='word_1_358' title='bbox 2101 5173 2475 5274; x_wconf 73' lang='lat' dir='ltr'>coeperint,</span> <span class='ocrx_word' id='word_1_359' title='bbox 2498 5169 2879 5288; x_wconf 63' lang='lat' dir='ltr'>purponitur</span> <span class='ocrx_word' id='word_1_360' title='bbox 2930 5170 3006 5257; x_wconf 84' lang='lat' dir='ltr'>in</span> <span class='ocrx_word' id='word_1_361' title='bbox 3063 5169 3350 5245; x_wconf 79' lang='lat' dir='ltr'>Differt..</span> <span class='ocrx_word' id='word_1_362' title='bbox 3400 5197 3467 5247; x_wconf 69' lang='grc' dir='ltr'>π..</span> <span class='ocrx_word' id='word_1_363' title='bbox 3520 5168 3903 5272; x_wconf 56' lang='lat' dir='ltr'>pag-ua&amp;</span> 
     </span>
    </p>
   </div>
   <div class='ocr_carea' id='block_1_4' title="bbox 2415 3468 2879 3494">
    <p class='ocr_par' dir='ltr' id='par_1_11' title="bbox 2415 3468 2879 3494">
     <span class='ocr_line' id='line_1_42' title="bbox 2415 3468 2879 3494; baseline 0 2851"><span class='ocrx_word' id='word_1_364' title='bbox 2415 3468 2879 3494; x_wconf 95' lang='lat' dir='ltr'> </span> 
     </span>
    </p>
   </div>
   <div class='ocr_carea' id='block_1_5' title="bbox 1305 3464 1775 3498">
    <p class='ocr_par' dir='ltr' id='par_1_12' title="bbox 1305 3464 1775 3498">
     <span class='ocr_line' id='line_1_43' title="bbox 1305 3464 1775 3498; baseline 0 2847"><span class='ocrx_word' id='word_1_365' title='bbox 1305 3464 1775 3498; x_wconf 95' lang='lat' dir='ltr'> </span> 
     </span>
    </p>
   </div>
  </div>
 </body>
</html>
