4554 6345
1420 467 1554 576 86
2184 464 2414 575 DE
2562 462 3378 579 MONETIS

1281 688 1641 806 Januarii
1708 686 2350 787 Divo.Antonio
2412 684 2711 776 Abbati
2772 682 2981 773 sacra
3077 716 3225 802 per
3278 719 3565 799 manus
3622 686 3896 781 Caroli
3959 687 4240 779 Cardi-

1285 811 1490 896 nalis
1554 811 1932 923 Carapltae
1993 807 2076 893 in
2127 811 2397 893 nostra
2452 807 2918 894 Cathedrali
2975 804 3389 919 inlignitos
3440 813 3606 896 est
3669 818 3983 898 Interea
4066 816 4259 895 Fer·

1287 928 1673 1014 dinandus
1736 935 1927 1013 Dux
1984 927 2214 1011 Albae
2275 927 2659 1040 Neapolis
2724 930 2899 1010 Rex
2956 954 3145 1011 cum
3208 929 3688 1041 cognoviffet
3750 927 4255 1042 Philippum,

1286 1046 1422 1161 qui
1489 1046 1790 1130 invitus
1852 1045 1950 1128 ad
2009 1075 2241 1130 arma
2298 1047 2810 1148 trahebatur,
2846 1043 3143 1127 iratum
3188 1042 3623 1132 Pontificis
3640 1048 4006 1133 animum
4075 1044 4253 1160 sup·

1286 1165 1624 1280 plicibus
1685 1164 2044 1269 litteris,
2103 1160 2782 1276 legationibusque
2846 1160 3154 1246 fleEiere
3198 1224 3232 1268 ,
3282 1194 3370 1275 ‚et
3432 1163 3760 1279 gliscens
3822 1162 4070 1277 sopire
4134 1165 4262 1249 in·

1286 1284 1653 1368 cendium
1727 1281 2059 1368 minime
2124 1280 2447 1365 valuisse
2502 1309 2531 1389 3
2595 1309 2751 1364 non
2822 1278 3045 1365 ultra
3128 1282 3654 1369 conflandum
3721 1309 3963 1384 ratus,
4009 1283 4109 1367 ad
4176 1287 4261 1368 S·
4292 1332 4295 1339 ›

1285 1405 1788 1486 Germanum
1850 1401 1936 1483 in
1996 1429 2250 1484 ιιιιιιιιι
2313 1398 2660 1484 colleffis
2722 1398 2965 1511 copiis
3027 1397 3160 1483 sub
3223 1401 3546 1486 initium
3591 1401 4076 1516 Septembris
4120 1406 4264 1485 M-

1283 1524 1590 1604 DLVI.
1569 1576 1634 1620 .,
1689 1523 1983 1603 Marco
2044 1512 2466 1602 Antonino
2532 1516 3001 1621 Columna,
3054 1543 3142 1601 et
3205 1517 3543 1604 Ascanio
3625 1527 3940 1607 Cornea
4007 1518 4262 1605 Duci-

1279 1637 1476 1741 bus,
1539 1634 2158 1721 Ecclefiasticam
2222 1634 2615 1719 ditionem
2678 1635 3006 1742 invalit3
3068 1637 3446 1751 nulloque
3515 1636 3745 1723 obice
3798 1696 3827 1743 ,
3897 1640 4260 1721 Frolino·

1273 1783 1372 1839 ne
1408 1815 1437 1861 ,
1493 1754 1985 1858 Terracina,
2038 1782 2276 1867 atque
2340 1755 2679 1868 Piperno
2740 1752 3090 1867 potitus:
3157 1756 3610 1870 Anagniam
3677 1789 3721 1842 a
3758 1755 4255 1840 Praefidiariis

1275 1871 1734 1959 derelistam
1817 1871 2264 1986 ingreditur
2339 1930 2366 1975 ,
2458 1871 2730 1985 ibique
2833 1899 2989 1956 non
3077 1900 3322 1986 pauca
3405 1875 3942 1960 immanitatis
4032 1874 4252 1986 ligna.

1279 1991 1579 2077 milites
1657 1991 2077 2075 ediderunt
2129 2047 2163 2072 .
2265 1988 2657 2075 Felicibus
2766 1987 2969 2077 hisce
3063 1991 3354 2108 coeptis
3437 1992 3997 2108 Neapolispani
4092 1992 4257 2075 ela·

1280 2110 1395 2212 ti,
1418 2109 1500 2193 in
1561 2135 1828 2195 totum
1912 2108 2240 2210 Latium
2322 2107 2540 2190 effusi
2613 2106 3309 2221 direptionibus,
3336 2109 3874 2224 incendiisque
3967 2108 4251 2194 omnia

1277 2170 1708 2311 miscebant
1773 2256 1804 2336 ;
1891 2223 2513 2337 irruentibusque
2624 2231 3103 2338 Neptunum
3169 2286 3198 2333 ,
3275 2226 3691 2314 Marinum
3766 2286 3799 2334 ,
3889 2230 4177 2337 Tybur
4227 2286 4259 2331 ,

1191 2342 1226 2383 x
1273 2342 1495 2429 Ostia
1547 2404 1578 2450 ,
1654 2371 1745 2428 et
1820 2341 1983 2426 alia
2073 2340 2420 2445 ejusdem
2507 2342 2937 2428 Provinciae
3021 2343 3193 2429 loca
3285 2374 3677 2461 patuere.
3790 2346 4034 2432 Hisce
4116 2375 4257 2430 au·

1279 2463 1481 2548 fibus
1556 2456 1921 2547 accensus
2000 2456 2369 2546 Pontifex
2421 2519 2455 2564 ,
2536 2459 2886 2547 colleRis
2968 2491 3182 2546 anno
3236 2463 3381 2577 qui
3481 2460 4257 2578 insequutus,quas·

1276 2609 1617 2694 cumque
1678 2578 1972 2695 potuit,
2021 2577 2275 2693 copiis
2319 2638 2350 2681 ,
2408 2586 2729 2663 Petrum
2786 2579 3239 2685 Strotium,
3331 2607 3414 2666 et
3496 2587 3809 2668 Ducem
3914 2587 4258 2665 Monto-

1276 2698 1376 2784 rii
1435 2699 1536 2784 ad
1599 2694 2169 2784 retundendam
2227 2695 2765 2810 aggressorum
2804 2697 3243 2783 audaciam
3308 2697 3704 2807 immisit,
3742 2696 4251 2811 felicibusque

1269 2815 1637 2932 auspiciis
1687 2817 2027 2928 Tybur,
2067 2815 2306 2901 Ostia
2340 2842 2644 2929 ,atque
2679 2811 2949 2929 aliqua
2981 2814 3251 2903 amiffa
3312 2816 3489 2901 loca
3553 2846 4013 2932 recuperata
4051 2814 4250 2901 sunt.

1269 2941 1466 3023 Haec
1527 2937 1723 3060 dum
1783 2936 1867 3020 in
1929 2933 2168 3019 Latio
2225 2935 2748 3046 gerebantur,
2786 2932 3124 3021 Carolus
3208 2940 3396 3019 Dux
3482 2936 3774 3021 Guifiae
3868 2933 4247 3020 Herculis

1268 3082 1510 3169 gener
1557 3078 1753 3141 cum
1814 3046 2132 3140 Gallico
2187 3050 2541 3136 exercitu
2606 3056 2866 3135 XVII.
2928 3076 3416 3136 armatorum
3485 3054 4014 3160 millibus,ut
4051 3080 4249 3135 non·

1267 3172 1470 3259 nulli
1532 3169 1934 3288 scripsere,
1988 3167 2434 3272 numeroso,
2463 3169 2666 3284 apud
2706 3169 3054 3284 Regium
3083 3170 3357 3284 Lepidi
3420 3170 3550 3254 die
3616 3177 3845 3256 XIV.
3901 3175 4259 3256 Februa·

1272 3292 1369 3378 rii
1433 3291 1856 3397 consedit3
1922 3289 2189 3402 ibique
2250 3287 2531 3373 habito
2587 3286 2800 3373 inter
2879 3287 3320 3394 Guifium,
3378 3294 3755 3375 Socerum
3824 3350 3851 3395 ,
3907 3313 3987 3373 et
4047 3294 4248 3372 Car-

1267 3399 1621 3496 dinalem
1683 3409 2139 3520 Carapham
2202 3404 2537 3491 militari
2588 3404 3048 3519 congreffu,
3085 3436 3247 3519 quo
3310 3407 3500 3491 belli
3566 3407 3817 3491 moles
3873 3398 4275 3520 primum*

1264 3525 1647 3614 vertenda
1712 3523 1984 3628 foret,
2043 3522 2230 3606 cum
2296 3523 2625 3609 Estensis
2671 3582 2700 3629 ,
2750 3522 2895 3638 qui
2954 3552 3003 3608 a
3050 3525 3578 3609 Cremonensi
3636 3525 3934 3608 ditione
3996 3550 4237 3607 exor-

1261 3645 1485 3730 dium
1544 3640 1928 3756 auspicari
1989 3640 2524 3756 proposuerat,
2586 3670 2946 3727 mentem
3008 3640 3159 3726 effe
3225 3642 3626 3731 Pontificis
3686 3642 3766 3726 in
3816 3647 4241 3753 Regnum,

1231 3755 1486 3848 omni
1553 3789 1778 3845 mora
1837 3757 2160 3860 omissa,
2215 3758 2664 3845 exercitum
2728 3760 3273 3846 deducendum
3339 3789 3384 3844 a
3450 3768 3891 3874 Purpurato
3928 3756 4234 3844 didicis·

1259 3879 1443 3988 set3
1502 3876 1818 3994 optimo
1878 3876 2050 3963 usus
2112 3876 2458 3985 judicio,
2476 3906 2522 3962 a
2584 3875 2925 3993 suscepta
2989 3878 3398 3993 provincia
3461 3877 3533 3963 se
3574 3877 4043 3981 abdicavit,
4073 3906 4232 3962 ma-

1256 3998 1565 4113 luitque
1627 3996 1728 4082 ad
1789 3993 1959 4082 suos
2013 3996 2469 4100 consistere,
2527 4022 2610 4080 et
2659 4024 2946 4079 eorum
3011 3995 3385 4101 utilitati,
3445 3995 3685 4110 quam
3747 3997 4022 4081 alienae
4105 3994 4226 4078 in·

1257 4115 1619 4205 servire.
1679 4113 1906 4201 Bello
1963 4111 2234 4227 itaque
2296 4142 2342 4198 a
2403 4114 2679 4199 Guifio
2736 4113 2821 4197 in
2883 4109 3280 4200 Samnites
3342 4113 3608 4199 delato
3666 4174 3693 4219 ,
3753 4113 4224 4229 Camplium

1257 4241 1438 4323 XV.
1498 4234 1685 4322 Kal.
1751 4231 2012 4341 Maias
2072 4231 2566 4347 properavit:
2632 4257 2713 4316 et
2777 4260 2913 4345 per
2974 4230 3141 4318 vim
3206 4260 3639 4349 occupato,
3675 4233 3948 4317 omnia
3988 4230 4222 4336 ferro,

1259 4353 1692 4468 sanguine,
1750 4381 1841 4437 ac
1902 4348 2230 4436 libidine
2296 4348 2615 4453 miscet,
2674 4377 2928 4463 neque
2989 4376 3127 4434 aut
3189 4349 3454 4453 sexus,
3509 4378 3648 4436 aut
3712 4350 4017 4456 aetatis,
4075 4373 4212 4434 aut

1261 4472 1668 4584 virginum
1735 4467 2253 4602 penetralium
2321 4466 2747 4553 discrimen
2796 4467 3207 4572 habitum
3298 4475 3664 4554 Terrano
3726 4469 3954 4566 inde,
4016 4472 4259 4553 Cur·-

1265 4615 1625 4704 teguerra
1675 4645 1703 4693 ‚
1759 4613 1842 4672 et
1901 4584 2116 4698 Julia
2187 4614 2399 4671 nova
2478 4585 2776 4699 potitus
2860 4587 2959 4671 ad
3037 4584 3790 4672 circumvallandam
3882 4582 4215 4672 Civitel·

1259 4705 1430 4793 lam
1491 4705 1884 4794 adoritur.
1944 4711 2303 4790 Tentata
2360 4703 2629 4820 oppidi
2689 4704 3339 4819 oppugnatione,
3398 4731 3480 4790 et
3540 4733 3587 4788 3
3650 4706 3954 4790 strenua
4015 4710 4248 4787 Prae·-

1253 4825 1472 4930 srdii,
1531 4843 1766 4941 atque
1824 4819 2266 4911 incolarum
2332 4819 2727 4936 utriusque
2789 4821 3007 4907 sexus
3070 4823 3365 4908 virtute
3429 4820 3819 4938 repulsus,
3880 4820 4211 4907 cumlo·

1259 4943 1454 5029 civi
1520 4940 1880 5078 potiundi
1943 4938 2154 5057 spem
2219 4969 2544 5027 omnem
2608 4939 3058 5048 abjeciffet,
3098 4941 3261 5058 post
3320 4941 3511 5026 duos
3570 4969 3652 5026 et
3718 4939 4008 5057 viginti
4073 4941 4211 5023 ob·

1254 5060 1568 5148 {idionis
1628 5062 1790 5148 dies
1848 5058 1935 5144 in
1996 5056 2523 5147 Asculanum
2518 5089 2818 5176 agrum
2860 5088 3148 5175 agmen
3189 5058 3637 5179 perduxit
3673 5065 3860 5149 Hoc
3923 5060 4255 5146 eodem

3898 5202 4102 5265 tem·
