4554 6345
1320 507 1694 630 NON
1839 504 3007 705 EVULGATIS.

324 738 637 854 hujusce
703 686 1058 841 Familiae
1120 742 1296 831 icon
1363 678 1809 831 tesseraria.
1895 746 1987 826 In
2052 670 2375 847 ariversa
2436 738 2602 850 ejus
2649 769 2896 856 parte
2946 682 3292 866 superius

325 860 408 959 in
473 860 766 948 circulo
804 865 1293 953 vifiturArx
1339 862 1609 947 urbis
1600 862 1900 971 nstgne
1964 842 2599 971 subsequentibus
2661 861 3289 957 vocibusSEN·

327 982 559 1070 NID·
640 986 743 1075 D.
768 972 1243 1070 ESCVLO
1282 1041 1307 1085 ,
1366 1008 1707 1093 quatuor
1745 977 2174 1091 postremis
2236 974 2486 1062 literis
2573 978 2663 1062 in
2726 1008 2907 1066 area
2965 982 3075 1069 in
3127 985 3286 1087 for·-

330 1125 550 1181 marn
612 1098 863 1193 crucis
923 1097 1339 1215 disposttis.
1407 1096 1597 1210 Egit
1663 1094 1855 1181 hic
1837 1125 1916 1179 1n
1961 1093 2417 1207 Principatu
2478 1123 2642 1180 non
2706 1096 2913 1185 ultra
2977 1126 3288 1192 annum

327 1219 901 1311 MCCCCXX,
962 1218 1261 1301 duobus
1348 1217 1505 1329 post
1570 1211 1638 1298 se
1705 1212 2025 1301 reliffis
2056 1211 2232 1299 finis
2253 1213 2798 1321 ,Ardicione,
2855 1220 2934 1303 8<
2996 1219 3294 1336 Opim»

325 1360 476 1436 ne,
535 1332 672 1446 qui
735 1363 915 1418 cum
1004 1334 1084 1419 in
1153 1364 1252 1423 eo
1315 1334 1385 1418 se
1451 1332 1652 1417 tueri
1739 1330 1941 1445 poffe
2003 1331 2516 1438 diffiderent,
2572 1333 2914 1421 honestis
2997 1337 3293 1435 habitis

324 1450 965 1559 conditionibus,
1026 1450 1389 1538 Martino
1448 1456 1551 1534 V.
1590 1455 1926 1535 Summo
1988 1448 2353 1535 Pontifici
2401 1453 2680 1547 urbem
2745 1451 3078 1563 cefl'ere,
3148 1455 3288 1547 sub

324 1596 538 1682 qu0,
598 1597 687 1655 ut
749 1567 1073 1673 cense0,
1132 1600 1368 1656 aereus
1432 1566 1800 1654 secundus
1848 1565 2078 1652 cusus
2139 1566 2353 1672 est,
2336 1597 2430 1652 tn
2485 1569 2710 1677 cujus
2769 1573 3040 1660 antica·
3095 1575 3289 1671 emi·

3259 565 3494 673 ‘11

330 1714 465 1776 net
499 1692 718 1775 Crux
781 1680 962 1781 cum
1029 1687 1558 1774 circumdufita
1626 1685 2053 1800 epigraphe
2116 1688 2190 1768 S.
2258 1690 2821 1789 EMLNDIVS
2860 1742 2932 1789 .„
2982 1691 3296 1787 Pnaefert
3357 1700 3466 1785 11.

324 1804 611 1919 postica
675 1803 755 1889 in
824 1807 1088 1891 medio
1138 1807 1360 1892 'urbis
1423 1812 1840 1908 Stemma,
1920 1804 2002 1887 in
2069 1800 2365 1888 circulo
2428 1801 2652 1890 binas
2712 1802 2976 1896 claves
3034 1810 3292 1901 decus-

323 1919 565 2029 satas,
625 1924 703 2005 8<
763 1922 1353 2041 inscriptionem
1424 1930 1574 2010 DE
1651 1928 2145 2027 ASCVLO.

1365 2140 2251 2251 ASTAE.

325 2270 511 2501 Ι
459 2408 543 2487 Ν
624 2399 920 2491 circulo
1003 2401 1421 2491 anterioris
1504 2398 1745 2518 partis
1828 2397 2064 2513 primi
2148 2398 2512 2514 argentei
2594 2399 2916 2499 nummi
3000 2400 3301 2520 legitur
3437 2396 3440 2397 ἢ

324 2519 943 2611 CVNRADVS
1005 2528 1164 2626 11.,
1225 2526 1302 2607 8<
1363 2524 1445 2607 in
1512 2521 1776 2605 medio
1834 2524 2128 2607 REX
2194 2525 2284 2603 In
2354 2520 2791 2635 posterioris
2849 2553 3033 2611 area
3094 2523 3293 2610 emi·
3353 2535 3420 2621 1.

327 2660 495 2725 net
526 2643 748 2725 Crux
810 2640 1188 2727 lemmate
1253 2639 1770 2752 circumsepta
1819 2642 2396 2723 ASTENSIS.
2457 2644 2652 2755 Quo
2716 2644 3296 2756 temporeAsta

325 2747 702 2862 fundata,
760 2760 1000 2871 quive
1062 2755 1353 2843 fuerint
1416 2756 1906 2859 conditoreS,
1967 2784 2127 2838 non
2194 2752 2371 2840 satis
2433 2784 3003 2874 compertum.
3065 2766 3296 2846 Ante

332 2901 602 2985 ortum
658 2875 956 2963 ,Christi
1022 2876 1410 2991 extitisse,
1470 2879 1546 2959 &
1607 2906 1653 2960 a
1715 2871 2106 2959 Romanis
2159 2872 2597 2960 Coloniam
2661 2876 3080 2963 deduestam
3145 2876 3302 2965 Pli

332 2988 563 3096 nius,
623 2982 1155 3101 Btolomaeus,
1214 2993 1506 3106 aliique
1589 2991 1737 3077 fide
1802 2991 1929 3073 dio
1886 2991 2018 3103 gni
2083 2990 2515 3104 Scriptores
2580 2994 3050 3080 tradidere.
3131 2994 3298 3078 Sub

334 3111 728 3216 Romanis
789 3141 978 3227 ergo
1076 3113 1518 3197 constanter
1581 3116 1762 3198 urbs
1822 3109 2096 3213 haesit,
2177 3109 2562 3223 quamdiu
2660 3140 2936 3198 eorum
3007 3138 3127 3197 res
3183 3106 3295 3196 ei:-

331 3230 717 3335 floruere,
776 3232 1060 3346 quibus
1114 3229 1821 3330 evanescentibus,
1878 3229 1963 3311 in
2028 3232 2555 3312 Barbarorum
2649 3228 2734 3313 in
2797 3229 3121 3316 Italiam
3191 3227 3302 3318 ir·.

333 3349 1035 3484 rumpentium,&
1099 3348 1453 3434 maxime
1517 3346 2225 3461 Longobardorum
2294 3319 2752 3457 potestatem
2829 3346 3115 3452 venit,
3157 3346 3296 3442 sub.

331 3480 674 3579 quorum
736 3465 922 3582 jugo
958 3468 1441 3582 ingemuit,
1498 3467 1747 3554 donec
1811 3494 1858 3549 a
1922 3464 2216 3548 Carolo
2277 3470 2589 3577 Magno
2656 3466 3092 3550 Destierius
3154 3495 3300 3579 por<
3387 3509 3391 3514 ·

244 3638 257 3649 -
333 3583 659 3678 stremus
716 3583 1040 3680 illorum
1109 3594 1287 3671 Rex
1347 3583 1427 3670 in
1497 3582 1954 3680 servitutem
2050 3533 2476 3668 abduftu?
2487 3587 2649 3668 est.
2705 3586 2893 3670 Ab
2945 3588 3288 3669 Othone

338 3708 691 3814 Magno
736 3701 1109 3792 libertate
1165 3704 1458 3788 donata
1547 3699 1908 3817 populati
1972 3698 2227 3814 coepit
2297 3700 2817 3796 administrari
2891 3695 3293 3816 imperio,

336 3818 657 3908 creatis
677 3820 774 3904 acl
841 3849 1152 3935 tempus
1195 3818 1708 3925 ConsulibuS,
1732 3818 1864 3904 sub
1906 3818 2225 3930 quibus
2250 3817 2363 3902 ita
2427 3817 2869 3906 incolarum
2934 3817 3292 3951 frequen-

340 3927 503 4035 tia,
552 3935 1069 4026 aedificiorum
1130 3936 1573 4051 elegantia,
1633 3968 1735 4032 ac
1772 3938 2067 4051 opibus
2131 3934 2433 4039 crevit,
2497 3964 2586 4022 ut
2646 3967 2691 4022 a
2740 3936 3109 4023 Conrado
3171 3937 3292 4046 jus

336 4056 663 4158 Zecchae
725 4084 963 4141 anno
1001 4063 1343 4168 MCXL.
1408 4055 1785 4142 meruerit
1862 4080 2336 4168 reportare,
2372 4081 2556 4190 ..quo
2640 4081 2998 4168 tempore
3067 4084 3293 4139 num·

324 4202 554 4274 tuum
618 4171 834 4259 suiffe
898 4161 1330 4290 percussum
1411 4174 1896 4284 charaffleres
1972 4173 2186 4260 illius
2248 4171 2393 4258 aevi
2491 4173 2575 4258 in
2641 4202 2738 4258 eo
2801 4173 3087 4289 depiffi
3150 4202 3310 4266 nos,

323 4294 1699 4388 edocent..
1866 4353 1871 4364 .

362 4491 369 4500 .
507 4411 905 4502 Secundus
963 4439 1202 4496 aereus
1266 4371 1601 4526 pauculo
1660 4436 1996 4523 argento
2092 4389 2396 4494 mixtus
2489 4437 2870 4495 nummus
2953 4347 3285 4506 ostendit

323 4528 589 4626 Sansti
681 4529 1011 4618 Secundi
1075 4534 1467 4640 Martyris
1546 4531 1795 4618 Urbis
1878 4528 2193 4614 Patroni
2285 4526 2799 4643 principalis
2819 4529 3287 4642 imaginem,

325 4644 587 4736 verbis
647 4647 725 4733 in
788 4678 1077 4767 gyrum
1150 4647 1410 4795 posuis
1498 4652 2009 4733 SANCTVS
2073 4650 2740 4732 SECONDVS.
2793 4649 2909 4730 In
3003 4644 3285 4763 postica
3350 4665 3461 4748 11.

322 4765 599 4858 visitur
662 4772 881 4852 Crux
942 4761 1233 4851 affabre
1295 4766 1758 4852 elaborata:
1822 4795 1864 4850 e
1928 4763 2501 4851 charaReribus
2569 4764 2654 4847 in
2719 4765 3088 4880 margine
3149 4794 3286 4878 po-

322 4884 484 4969 fitis
546 4882 627 4968 hi
694 4882 1188 4999 supersunt..
1342 4891 1500 4971 ST
1504 4891 1893 4987 ENSIS,
1953 4913 2050 4968 ex
2110 4887 2400 4997 quibus
2479 4881 2658 4967 satis
2719 4884 3118 4969 evincitur
3180 4885 3284 4966 ab

322 5004 619 5115 Assensi
686 5010 938 5088 Zecca
1002 4972 1421 5117 prodiisse.
1460 4989 1862 5112 Secundus
1924 5004 2259 5090 Astenfis
2321 5031 2422 5086 ex
2483 5002 2858 5117 primaria
2917 4999 3087 5111 ejus
3152 5000 3285 5087 Ci-

318 5120 593 5213 vitatis
652 5122 1074 5212 nobilitate
1133 5152 1182 5210 a
1242 5127 1397 5211 Bea
1411 5150 1496 5211 to
1562 5120 1953 5323 (Ξειίἓεετο
2015 5121 2450 5212 Catholicae
2532 5120 2759 5207 Fidei
2844 5123 3095 5326 initilis
3156 5118 3284 5203 ad·

1848 5268 1892 5324 2
3069 5266 3163 5323 uc
3220 5264 3224 5269 ’
