4554 6345
1411 560 1553 690 24
1930 500 1996 526 ⁹
2159 521 3354 652 DE'MoNETts
3495 532 3584 541 ²·

1277 745 1561 864 Crucis
1618 746 2033 883 disposita.
2088 791 2275 850 cum
2341 748 3364 878 circumdufia'epigraphe
3399 752 3889 847 LIGNVM
3952 764 4298 849 ΝΑΧῘ-ἱ

1269 872 1668 981 FRAGII
1765 886 2234 971 EXPERS.
2328 876 2647 965 Paullus
2708 885 2857 965 111.
2919 878 3478 966 Farne‘fius‘ad
3542 878 4037 965 Pontificiam
4074 884 4235 966 Ca*

1261 1004 1631 1096 thedram
1695 1000 2011 1088 eveRus
2073 997 2354 1084 eodem
2416 1025 2630 1083 anno
2694 995 3241 1083 Alexandrum
3304 1023 3405 1081 ex
3470 998 3703 1082 Petro
3769 996 4097 1107 Aloysio
4143 999 4232 1083 fi-

1267 1126 1382 1212 lio
1443 1118 1725 1209 natum
1788 1118 2190 1206 decimum
2254 1113 2628 1230 quintum
2731 1143 3032 1199 annum
3094 1113 3449 1199 nondum
3536 1112 4070 1226 attingentem
4133 1116 4227 1202 in

1266 1239 1818 1331 cardinalium
1855 1234 2313 1350 Collegium
2363 1229 2820 1348 cooptavit:
2884 1230 3025 1348 ipfi
3081 1238 3397 1347 quoque
3461 1232 3795 1342 Aloysto
3856 1235 4229 1321 Castrum

1261 1388 1449 1446 cum
1515 1354 1760 1460 Ducis
1823 1353 2063 1440 titulo
2122 1381 2336 1438 anno
2401 1354 3008 1436 MDXXXVH.
3068 1350 3318 1435 edixit
3367 1376 3393 1453 ;
3472 1351 3548 1433 8<
3617 1352 3916 1464 postero
3976 1381 4023 1437 a
4075 1359 4230 1439 Ca·

1261 1476 1436 1563 roio
1500 1480 1602 1558 V.
1664 1469 2033 1558 Novariae
2104 1465 2753 1556 March'ionatum
2816 1467 2887 1552 ei
2951 1465 3461 1582 impetravit.
3527 1473 3708 1553 Hoc
3767 1469 4052 1554 eodem
4092 1500 4232 1556 an·

1261 1621 1371 1681 no
1432 1588 1848 1707 Purpurati
1914 1590 2273 1673 Fratrem
2339 1584 2787 1693 OS'tavium
2844 1586 3169 1672 nomine
3263 1586 3721 1699 Margaritae
3784 1586 4056 1673 Caroli
4121 1594 4227 1674 V.

1260 1708 1777 1826 Imperatoris
1838 1736 1937 1792 ex
1998 1703 2522 1792 contubernio
2567 1698 2758 1788 'filiae
2822 1703 3084 1813 junxit
3129 1701 3168 1808 '‚
3228 1706 3307 1789 δε
3370 1733 3468 1789 ne
3534 1703 3796 1819 puella
3881 1735 3926 1791 e
3988 1732 4223 1793 tanto

1256 1829 1441 1915 viro
1498 1852 1683 1911 nata
1750 1822 2201 1940 Principatu
2265 1849 2570 1909 careret
2611 1884 2637 1923 ‚
2698 1822 2781 1906 in
2845 1819 3338 1909 Concistorio
3397 1823 3674 1923 habito
3734 1822 3993 1910 Nonis
4056 1831 4223 1910 No·

1258 1943 1609 2035 vembris
1673 1950 2027 2028 MDXL.
2113 1940 2528 2027 Camerini
2594 1947 3003 2027 Ducatum
3044 2000 3070 2045 ,
3134 1942 3213 2026 8c
3292 1947 3690 2055 Nepetem
3772 1940 4067 2056 Sponso
4126 1943 4218 2031 in

1257 2063 1620 2149 Feudum
1687 2058 2142 2172 assignavit.
2185 2058 2532 2167 Aloyfio'
2573 2088 2764 2173 ergo
2845 2057 3292 2173 imperante
3355 2057 3773 2171 evulgatus
3837 2089 4216 2147 nummus

1253 2179 1751 2296 percutitur.
1811 2177 2053 2262 Haestt
2116 2172 2478 2287 Castrum
2544 2176 2678 2261 sub
2743 2175 3120 2276 Farnesiis
3171 2175 3280 2274 ‚ad
3337 2205 3640 2266 annum
3701 2181 4142 2266 MDCIIL.
4191 2209 4224 2287 ‚'

1254 2325 1423 2413 quo
1476 2294 1777 2383 iterum
1835 2296 1937 2381 ad
2000 2294 2434 2413 Ecclesiam
2498 2294 2774 2385 rediit.

2301 2514 2924 2625 COM
3065 2512 3175 2624 1.

1276 2659 1346 2880 t
1415 2662 1464 2875 J
1523 2769 2167 2869 Nicumdamus
2226 2769 2467 2860 Comi
2536 2771 2936 2889 proditum
3022 2768 3492 2891 argenteum
3579 2805 4074 2885 nummum,
4133 2737 4237 2869 in..

1132 2896 1204 2981 1.
1263 2898 1485 3005 cujus
1549 2895 1807 3010 prima
1887 2889 2146 2978 fronte
2231 2889 2635 3007 inspicitur
2697 2893 3071 2979 Friderici
3171 2900 3277 2981 11.
3340 2896 3856 3012 Imperatoris
3939 2898 4220 3012 imago

1244 3013 1573 3127 dextera
1638 3011 2060 3127 sceptrum,
2100 3009 2389 3096 sinistra
2450 3014 2726 3095 florem
2793 3010 3259 3117 sustinentis,
3296 3014 3560 3101 verbis
3620 3013 3699 3098 in
3737 3044 4030 3128 gyrum
4084 3044 4216 3132 po·

1243 3130 1404 3218 suis
1468 3133 2152 3218 FRIDERICVS
2216 3135 2689 3215 IMPERT.
2753 3134 2843 3215 In
2909 3130 3313 3245 posteriori
3382 3131 3682 3249 Aquila
3743 3136 4096 3252 expansis
4134 3165 4210 3222 a·
4363 3179 4366 3186 ’

1245 3246 1344 3334 lis
1402 3278 1594 3339 cum
1655 3246 2192 3336 circumduaa
2252 3244 2759 3362 inscriptione
2822 3254 3433 3338 CVMANVS.

2120 3465 2217 3573 C
2281 3465 2390 3570 ‘R
2458 3464 2544 3571 E
2619 3469 2757 3575 M
2824 3470 2927 3575 Ο
2996 3465 3101 3574 N
3182 3474 3355 3576 AE.

1241 3600 1464 3824 IN
1521 3717 1900 3810 anteriori
1962 3719 2133 3808 arrei
2199 3720 2439 3840 primi
2511 3721 2869 3839 pauculo*
2905 3751 3240 3839 argento
3303 3724 3540 3813 mixti
3631 3729 3947 3818 nummi
4008 3729 4206 3822 facie

1232 3837 1623 3955 insculpta
1682 3869 2007 3957 apparet
2069 3847 2291 3928 Crux
2355 3871 2540 3927 cum
2602 3845 2905 3929 duobus
2970 3845 3335 3958 punffis,
3401 3847 3480 3930 8<
3540 3845 3623 3932 in
3686 3852 3876 3933 orbe
3940 3856 4205 3937 CRE-

1115 3958 1181 4040 1.
1248 3962 1649 4043 MONA.
1712 3966 1808 4044 In
1869 3956 2164 4045 circulo
2226 3958 2555 4045 adversm
2618 3961 2860 4077 partis
2920 3959 3216 4076 legitur
3275 3968 4066 4077 FRIDERJCVS„
4125 3972 4207 4056 δε

1229 4071 1317 4159 in
1383 4075 1650 4161 medio
1712 4082 1776 4161 1.
1836 4082 1917 4162 P.
1979 4084 2079 4163 R.
2145 4083 2599 4194 Imperator.

1410 4194 1807 4280 Secundus
1886 4223 1986 4279 ex
2047 4197 2329 4283 eodem
2396 4193 2728 4283 metallo
2790 4197 3244 4314 compafius
3344 4229 3726 4289 nummus
3819 4203 4197 4294 consonat

1080 4314 1192 4398 11.
1246 4308 1333 4397 in
1397 4312 1768 4398 omnibus
1847 4341 2031 4399 cum
2095 4313 2673 4422 antecedenti,
2730 4315 3075 4434 demptis
3140 4317 3463 4434 'punstis
3502 4382 3530 4430 ‚
3587 4351 3932 4437 quorum
4015 4325 4198 4412 loco

1230 4430 1401 4517 duae
1463 4428 1780 4516 stellulae
1841 4431 2412 4518 observantur.

1415 4553 1865 4662 Argenteus
1930 4549 2206 4637 tertius
2268 4549 2594 4637 exhibet
2659 4551 2951 4669 pariter
3013 4558 3355 4643 Crucem
3421 4555 3636 4647 urbis
3696 4555 4022 4671 nomine
4057 4557 4201 4648 cir·

1025 4668 1182 4752 111.
1236 4665 1772 4783 cumseptam,
1831 4668 1910 4750 8(
1971 4667 2275 4783 reliqua
2337 4670 2455 4755 uti
2518 4671 2601 4754 in
2666 4670 2968 4784 primo.
3028 4678 3234 4761 Tres
3297 4672 3520 4763 hosce
3593 4708 3966 4765 nummos
4032 4679 4196 4765 Fri-

1231 4784 1471 4871 derici
1534 4783 1975 4871 AEuobarbi
2040 4786 2801 4902 temporibus-cusos
2860 4787 3117 4897 facio,
3177 4794 3301 4880 cui
3368 4825 3550 4884 cum
3605 4797 3698 4881 'in
3765 4796 4191 4912 subigenda

1228 4904 1648 4990 Derthona
1707 4900 1998 4990 fortem
2061 4934 2385 5021 operam
2451 4907 3023 4995 Cremonenses
3077 4913 3582 5025 praestitifl'ent
3617 4974 3683 5022 ‚,
3723 4912 4190 5004 facultatem

1108 5059 1120 5072 ·
1221 5018 1560 5223 ἱιιιᾶεηάἰ
1621 5026 1981 5111 monetas
2036 5023 2140 5110 ab
2201 5052 2301 5112 eo
2358 5022 2446 5111 in
2504 5026 2922 5143 praemium
2987 5029 3325 5121 virtutis
3395 5058 3906 5152 reportarunt
3964 5062 4183 5121 anno

1328 5279 1352 5314 «ι
1438 5304 1467 5316 .„
3959 5272 4061 5356 In
