4554 6345
1131 466 1508 581 NON
1651 455 2805 572 EVULGAns
3163 502 3296 612 33

483 688 693 784 tium
784 687 1043 781 filium
1099 751 1130 801 ,
1217 688 1354 778 sub
1433 687 1651 803 cujus
1726 681 2069 802 imperio
2144 713 2527 770 nummus
2623 686 2964 803 lignatus
3055 692 3204 779 est.

1349 909 1443 1016 L
1526 912 1631 1016 A
1713 908 1811 1011 V
1900 908 1998 1012 A
2081 906 2182 1011 N
2268 907 2316 1008 I
2398 910 2577 1011 AE.

479 1054 800 1275 Blni
863 1193 1181 1257 tantum
1244 1168 1348 1253 ab
1408 1162 1983 1281 antiquiffima,
2046 1161 2805 1279 praestantiffimaque
2871 1166 3299 1259 Fliscorum
3336 1169 3444 1259 fa-

481 1286 713 1376 milia
774 1286 1149 1374 Lavaniae
1214 1286 1530 1400 percussi
1593 1280 1906 1368 nummi
1975 1280 2172 1366 mihi
2270 1278 2339 1365 se
2406 1282 2471 1365 se
2538 1282 2876 1368 offerunt
2942 1289 3440 1400 publicandi,

482 1434 828 1522 quorum
894 1406 1196 1519 primus
1257 1431 1675 1515 argenteus
1737 1398 2224 1513 repraesentat
2259 1399 2338 1482 in
2367 1398 2754 1487 anteriori
2818 1431 3038 1515 parte
3077 1406 3428 1519 aquilam
3491 1408 3552 1489 1.

487 1526 843 1638 expanfis
901 1521 1047 1608 alis
1101 1580 1130 1624 ,
1187 1520 1451 1605 addita
1511 1516 1594 1604 in
1658 1519 1912 1604 limbo
1973 1515 2395 1631 epigraphe
2459 1524 2713 1603 LVD.
2787 1533 2873 1616 Ξ.
2934 1528 3016 1606 Ρ.
3075 1529 3438 1614 LVCAS

483 1645 837 1728 FLISG·
884 1642 1217 1726 LAVA.
1279 1643 1455 1723 CO.
1500 1642 1624 1720 Μ.
1688 1641 1834 1739 D.,
1892 1664 2183 1749 nempe
2247 1633 2674 1719 Ludovicus
2733 1634 2833 1720 δ’
2891 1641 3440 1754 PetrusFltsti

483 1759 851 1845 Lavaniae
909 1757 1243 1844 Comites
1267 1754 1685 1873 Mefferam'
1744 1754 2101 1835 Domini.
2163 1757 2252 1834 In
2321 1751 2722 1864 posteriori
2783 1756 3159 1841 Sanctum
3223 1763 3446 1846 The-

483 1877 838 1961 onestum
910 1873 1209 1991 Oppidi
1273 1879 1706 1957 Patronum
1788 1899 1993 1982 equo
2077 1866 2600 1974 insidentem,
2659 1869 3048 1957 vexillum
3111 1872 3437 1963 dextera

478 1991 984 2079 sustinentem
1031 2053 1063 2102 ,
1138 2021 1319 2078 curn
1405 1992 1554 2074 hac
1633 1985 2136 2099 inscriptione
2218 1991 2656 2074 SANTVS
2716 1992 3444 2081 TEONESTVS.

479 2112 897 2197 MARtir.

664 2226 1066 2313 Secundus
1120 2254 1222 2311 ex
1286 2224 1562 2312 eodem
1628 2220 1965 2307 metallo
2027 2220 2482 2336 compaRus
2543 2253 2923 2313 nummus
2982 2222 3314 2314 ostendit
3349 2227 3432 2316 in

478 2343 754 2437 circuli
817 2342 1276 2433 summitate
1358 2342 1705 2459 aquilam
1760 2401 1787 2447 ,
1848 2345 1922 2423 8<
2006 2341 2085 2423 in
2150 2369 2331 2425 area
2396 2347 2736 2447 Crucem
2825 2338 3115 2429 affabre
3176 2345 3434 2432 elabo·
3498 2350 3600 2432 11.

479 2492 736 2550 ratam
795 2523 824 2567 ,
898 2491 1088 2547 cum
1174 2461 1380 2548 hisce
1446 2460 1772 2546 vocibus
1866 2457 1945 2543 in
2050 2458 2406 2572 margine
2487 2460 2828 2548 exaratis
2898 2466 3446 2553 LVDOVIC.

478 2585 825 2670 FLISC.
888 2586 1024 2666 Μ.
1095 2594 1183 2677 .⁷>·
1243 2587 1339 2667 C.
1397 2585 1581 2665 Do.
1643 2573 2071 2661 Ludovicus
2147 2574 2450 2686 Flfius
2529 2578 2947 2697 Mtfferam‘
3029 2574 3130 2661 Θ
3207 2607 3450 2664 cetera

490 2698 925 2784 Dominus.
1020 2703 1117 2783 In
1181 2695 1467 2814 postica
1529 2694 1955 2812 insculptus
2014 2720 2338 2809 apparet
2409 2695 2734 2782 SanRus
2791 2698 3285 2784 Theonestus
3361 2697 3449 2787 in

482 2815 861 2904 cathedra
925 2813 1247 2919 sedem,
1305 2815 1614 2901 elevata
1674 2816 1994 2900 dextera
2092 2813 2173 2895 in
2240 2811 2419 2897 aflu
2484 2813 3070 2915 benedicendi,
3157 2814 3449 2904 finistra

485 2932 857 3047 martyrii
921 2932 1277 3051 palmam
1344 2930 1758 3038 sustinens,
1821 2959 2000 3017 cum
2069 2928 2235 3040 ejus
2297 2929 2622 3016 nomine
2683 2930 2771 3018 in
2830 2929 3210 3019 circuitu.

1506 3143 2429 3258 LUCAE.

318 3482 324 3488 .
471 3294 584 3514 Ι
626 3417 710 3500 N
771 3411 1046 3502 antica
1089 3407 1263 3501 aerei
1304 3406 1538 3528 primi
1605 3431 1935 3524 argento
1958 3402 2190 3494 mixti
2237 3407 2549 3496 nummi
2580 3434 2798 3525 parte
2831 3409 3131 3498 eminet
3153 3409 3439 3499 Christi

474 3529 786 3643 imago,
824 3562 1014 3618 cum
1050 3531 1478 3648 epigraphe
1502 3533 1937 3614 SANTVS
1979 3531 2475 3614 VVLTVS.
2533 3536 2624 3612 ln
2652 3531 2910 3616 aversa
2941 3531 3290 3615 medium
3339 3559 3444 3616 te·
3498 3535 3567 3615 1.

477 3675 618 3733 net
680 3649 922 3735 litera
988 3656 1082 3735 L.
1143 3648 1357 3734 urbis
1419 3646 1767 3732 nominis
1827 3644 2152 3731 initialis
2213 3674 2394 3730 curn
2463 3643 2625 3731 rosa
2688 3647 2786 3730 ad
2848 3648 3102 3754 latuS,
3161 3651 3238 3731 8<
3302 3677 3442 3762 per

484 3792 775 3877 gyrum
840 3769 1179 3851 OTTO
1262 3768 1952 3850 IMPERATOR
2010 3823 2032 3846 .
2111 3765 2527 3847 Othonem
2623 3761 2704 3846 in
2791 3795 3125 3849 nummo
3204 3794 3446 3849 enun-

485 3882 781 3966 tiatum
846 3888 989 3966 IV.
1059 3878 1230 3968 fore
1293 3907 1693 3985 autumo,
1788 3913 1836 3967 a
1897 3911 2053 3993 quo
2117 3882 2482 3966 Lucenfis
2569 3882 2911 3996 Populus
2960 3880 3455 3998 quampluri-

477 3997 638 4085 mis
700 3999 1028 4111 gratiis,
1080 4028 1178 4096 ac
1244 3997 1676 4114 privilegiis
1736 4000 2295 4084 condecoratus
2331 4056 2355 4079 .

669 4118 984 4204 Eadem
1041 4115 1479 4203 Salvatoris
1539 4114 1798 4228 effigie
1858 4145 2186 4201 ornatur
2244 4115 2618 4203 secundus
2673 4144 3091 4232 argenteus
3128 4178 3154 4223 ,
3190 4116 3267 4202 in
3316 4147 3443 4203 cu-

485 4233 607 4344 jus
652 4232 975 4348 *posticae
1032 4263 1216 4318 area
1278 4233 1567 4347 legitur
1629 4234 1840 4318 urbis
1902 4263 2192 4319 nomen
2260 4239 2564 4324 LVCA
2626 4232 3160 4349 semigothicis
3254 4266 3433 4320 con·
3491 4243 3599 4325 11.

139 4422 150 4431 .
320 4347 343 4358 ‘
474 4348 852 4464 scriptum
921 4351 1497 4438 charasseribus
1550 4410 1577 4444 ,
1639 4350 1896 4435 verbis
1958 4351 2038 4436 in
2102 4354 2291 4436 orbe
2350 4350 2616 4467 postris
2678 4357 3198 4439 CAROLVS
3261 4359 3433 4437 IM-

474 4474 1072 4554 PERATOR.
1133 4473 1343 4554 Cum
1410 4496 1547 4581 per
1607 4467 1867 4582 plures
1924 4497 2177 4552 annos
2237 4471 2601 4555 Lucensis
2642 4471 2978 4583 Populus
3040 4471 3174 4554 sub
3236 4467 3431 4556 Pisa·

475 4613 763 4672 norum
832 4583 1017 4698 jugo
1080 4583 1621 4699 ingemuiffet,
1673 4585 1752 4668 8<
1814 4614 1860 4669 a
1922 4586 2216 4670 Carolo
2277 4592 2421 4670 IV.
2483 4592 2971 4701 Imperatore
3031 4586 3282 4673 fuiffet
3343 4589 3429 4671 in

471 4700 923 4788 libertatem
992 4701 1365 4810 assertus,
1425 4730 1637 4786 anno
1698 4707 2476 4790 MCCCCLXVIII.
2536 4705 2634 4790 ad
2699 4731 2934 4789 tantae
2995 4703 3430 4791 beneficen-

472 4819 600 4905 tiae
666 4821 1140 4907 memoriam
1206 4818 1841 4936 perennandam,
1903 4820 2341 4907 liberatoris
2404 4819 2512 4907 sui
2575 4853 2868 4908 nornen
2934 4821 3015 4907 in
3083 4821 3423 4908 monetis

467 4933 879 5023 inscribere
942 4939 1329 5057 coepit,&
1387 4939 1543 5025 hoc
1615 4939 1698 5024 in
1760 4938 2229 5027 hodiernum
2298 4939 2531 5056 usque
2594 4940 2804 5028 diem
2865 4940 3421 5028 continuatum

455 5056 1020 5171 perspicimus.

1866 5178 1942 5261 E
3122 5173 3354 5282 Bini‘
