4554 6345
959 452 1334 564 NON
1471 393 2635 563 EVULGArlss
3016 486 3152 590 91

331 674 756 769 Nobilium
821 672 1212 762 comitatu
1293 670 1640 762 reversus
1727 671 2041 763 summo
2112 688 2305 761 cum
2362 651 2721 788 gaudie,
2774 689 2871 763 ac
2930 672 3302 794 magni&

333 797 597 887 centia
657 825 707 882 a
768 792 1092 882 subditis
1148 821 1524 910 exceptus
1583 793 1738 880 est.

455 984 1761 1125 SALUTIARUM
1858 957 3177 1127 MARCHmNEs

328 1156 877 1376 UNicum
942 1293 1263 1357 tantum
1322 1267 1666 1356 exhibeo
1721 1298 2154 1355 nummum
2216 1267 2353 1354 sub
2415 1267 2619 1358 hisce
2679 1210 3309 1367 Marchionibus'

317 1389 751 1508 perculsum
806 1445 834 1470 .
944 1389 1078 1473 Est
1138 1416 1240 1473 ex
1300 1386 1580 1474 infimo
1637 1415 1979 1500 argento
2035 1387 2498 1501 compactus
2553 1448 2582 1495 ,
2638 1390 3130 1505 ostenditque
3195 1396 3283 1484 in

315 1505 697 1595 anteriori
757 1503 956 1593 facie
1016 1504 1509 1619 gentilitium
1574 1504 1956 1619 Principis
2016 1506 2322 1592 scutum
2384 1535 2571 1592 cum
2634 1505 2888 1594 literis
2945 1510 3284 1599 circum·

322 1623 584 1741 politis
646 1628 1292 1711 LVDOVICVS
1358 1622 1706 1708 Mar-chio
1769 1628 2516 1709 SALVTIARum.
2580 1630 2675 1709 In
2735 1624 3011 1713 circuli
3078 1628 3282 1715 sum·

322 1742 610 1828 mitate
671 1741 950 1828 aversae
1014 1739 1260 1858 partis
1317 1739 1594 1827 visitur
1652 1740 1966 1827 minuta
2028 1746 2101 1827 S.
2163 1741 2608 1826 Constantii
2672 1742 2887 1829 urbis
2950 1746 3305 1834 Patroni·

321 1858 598 1972 imago
649 1919 677 1966 ‚
736 1858 1369 1974 subsequentibus
1429 1858 1754 1946 vocibus
1814 1862 2327 1945 SANCTVS
2414 1866 3221 1951 CONSTANTIVS
3253 1891 3283 1974 ;

329 2005 416 2063 et
474 1977 557 2061 in
622 1976 787 2088 ejus
843 2006 1029 2063 area
1084 1984 1311 2063 Crux
1369 1976 1775 2090 eleganter
1829 1977 2301 2062 efformata.
2365 1978 2772 2066 Nummus
2834 1976 3291 2068 referendus

329 2096 437 2181 est
501 2094 600 2179 ad
664 2094 1163 2180 Ludovicum
1227 2099 1336 2178 ΙΙ.
1391 2123 1496 2179 ex
1557 2095 1812 2180 altero
1876 2092 2292 2178 Ludovico
2354 2099 2866 2209 natum,qui
2932 2098 3138 2211 patri
3200 2098 3289 2187 in

328 2212 749 2298 dominatu
812 2208 1150 2298 successit
1206 2240 1421 2296 anno
1485 2216 2252 2315 MCCCCLXXV„
2314 2237 2397 2295 et
2438 2214 2544 2294 ob
2605 2211 2771 2322 ejus
2835 2213 3293 2321 merita,et

334 2331 422 2415 in
486 2325 829 2444 politicis
886 2325 1246 2442 gerendis
1304 2329 1534 2414 rebus
1594 2328 1965 2443 peritiam
2045 2325 2195 2413 {uit
2281 2357 2332 2413 a
2396 2328 2691 2414 Carolo
2753 2335 2985 2414 VIII.
3049 2338 3300 2419 Fran«

332 2475 617 2536 corum
675 2453 899 2559 Rege
962 2446 1127 2562 post
1185 2475 1666 2561 occupatum
1728 2443 2159 2558 Neapolim
2198 2444 2552 2559 Protegis
2611 2474 2944 2532 munere
3002 2450 3295 2538 conde-

131 2590 164 2596 ’
331 2589 687 2652 coratus.
771 2562 952 2655 „Post
1013 2562 1400 2651 Ludovici
1461 2562 1848 2649 exceffum
1911 2559 2303 2677 sceptrum
2367 2561 2627 2651 tenuit
2691 2564 3049 2650 Michael
3128 2577 3297 2655 An·-
3464 2659 3482 2679 ,

336 2682 562 2795 gelus
621 2678 1022 2766 maximus
1080 2707 1275 2768 natu
1336 2680 1607 2790 filius,
1661 2680 1881 2794 cujus
1939 2709 2317 2768 nummos
2372 2680 2462 2767 in
2521 2679 2857 2769 secunda
2913 2681 3294 2773 Differta·

335 2800 557 2888 tione
616 2796 1032 2914 evulgatos
1084 2796 1483 2893 invenies.

1205 3013 2453 3130 SENARUM.

330 3157 552 3382 IN
611 3310 791 3373 area
855 3274 1093 3399 primi
1153 3273 1507 3393 argentei
1570 3276 1886 3364 nummi
1949 3275 2333 3393 insculpta
2391 3300 2721 3393 apparet
2780 3275 3009 3369 litera
3047 3284 3126 3369 S.
3162 3311 3283 3370 ur-

329 3396 451 3483 bis
511 3400 860 3491 nominis
918 3397 1493 3500 initialis,cum
1555 3422 1897 3511 quatuor
1957 3397 2217 3513 parvis
2268 3397 2627 3483 crucibus
2688 3396 3095 3487 hincinde
3140 3401 3300 3488 dis-·
3338 3385 3402 3468 Ῐ·

328 3523 654 3634 positis:
735 3516 1048 3604 additur
1105 3515 1191 3600 in
1255 3515 1522 3627 limbo*
1565 3513 2036 3630 epigraphes
2096 3519 2388 3601 SENA
2452 3519 2826 3603 -VETVS
2862 3576 2887 3600 .
2965 3518 3283 3606 Aversae

329 3640 576 3751 partis
653 3636 1010 3724 medium
1071 3639 1295 3720 Crux
1354 3631 1586 3747 tegit,
1646 3631 1855 3718 bisce
1955 3630 2525 3719 characteribus
2616 3631 2697 3718 in
2760 3637 2952 3720 orbe
3015 3637 3281 3751 politis

328 3760 634 3844 ALFA
697 3760 876 3841 ΕΙ).
932 3756 1042 3837 Ο.
1099 3749 1419 3864 Alphe,
1473 3776 1556 3832 et
1612 3753 1895 3866 Omega
1933 3809 1960 3854 ,
2021 3746 2211 3836 licet
2268 3747 2556 3835 artifex
2617 3748 2698 3834 in
2762 3781 3105 3841 nummo
3167 3754 3287 3840 in·

327 3873 722 3991 sculpserit
745 3872 1077 3986 graecam
1104 3866 1415 3954 literam
1444 3868 1793 3950 Omicron
1834 3895 1973 3982 pro
1994 3870 2412 3982 Omega,ut
2472 3865 2553 3951 in
2587 3867 2761 3952 aliis
2788 3868 3290 3957 observatur.

507 3999 798 4080 AEreus
857 3984 1235 4074 secundus
1291 4013 1629 4101 argento
1689 3985 1990 4071 mixtus
2048 3986 2376 4074 exhibet
2437 3985 2803 4069 eamdem
2866 3986 3183 4073 literam
3212 3994 3290 4074 Sa

328 4139 514 4197 cum
580 4109 793 4195 urbis
851 4103 1179 4191 nomine
1241 4103 1324 4190 in
1388 4102 1767 4189 circuitu.
1802 4101 2095 4189 Postica
2154 4101 2490 4189 ostendit
2552 4107 3056 4206 Crucem,et
3097 4105 3292 4192 lem·
3350 4088 3458 4173 ῙῙ·

330 4257 466 4313 ma
508 4289 537 4334 ,
596 4253 684 4314 ut
744 4224 829 4309 in
895 4221 1412 4336 praecedenti.
1473 4221 1703 4308 Alios
1761 4246 2105 4335 quatuor
2163 4247 2264 4309 ex
2328 4219 2610 4304 eodem
2680 4219 3011 4304 metallo
3068 4250 3289 4308 corn·

328 4345 600 4462 pactos
641 4404 668 4449 ,
725 4340 1189 4454 easdemque
1248 4337 1637 4453 imagines
1694 4396 1720 4442 ,
1777 4367 1869 4425 ac
1931 4335 2477 4453 inscriptiones
2541 4335 3030 4450 praeserentes
3085 4398 3114 4445 ‚
3170 4340 3284 4423 di·

329 4463 555 4549 verso
616 4489 886 4547 tamen
952 4486 1152 4572 typo
1210 4451 2052 4572 percuffos‚libentius
2109 4453 2694 4570 praetermitto.
2732 4454 2992 4540 Hosce
3056 4486 3283 4542 num·

329 4610 508 4668 mos
598 4607 785 4665 ante
843 4604 1142 4660 annum
1210 4578 1629 4660 MCCLX.
1688 4571 1902 4660 fuiffe
1962 4572 2410 4687 obfignatos
2491 4601 2593 4657 ex
2673 4569 2876 4658 infra
2934 4572 3283 4660 dicendis

320 4697 697 4816 patebit.
772 4701 977 4781 Sena
1040 4692 1507 4808 perantiqua
1586 4688 1719 4807 (1)
1781 4688 2179 4806 Hetruriae
2240 4693 2422 4778 urbs
2498 4719 2548 4776 a
2609 4689 2905 4777 Carolo
2968 4697 3284 4804 Magno

1719 4813 1819 4896 M
1866 4836 1932 4895 '2
2996 4812 3164 4924 post

1485 4992 1938 5017 *-

337 5070 449 5172 (1)
507 5074 622 5146 De
671 5035 958 5170 huju-sce*
1007 5068 1197 5144 urbis
1245 5064 1497 5170 initiis
1537 5067 1745 5145 fufius
1800 5062 1951 5164 egit
2003 5061 2355 5139 Orlandus
2404 5061 2853 5155 Malavolta‚
2905 5084 3053 5237 {121⁰
3058 5083 3186 5233 :gs
3238 5086 3279 5136 a
