<?xml version="1.0" encoding="UTF-8"?>
<!DOCTYPE html PUBLIC "-//W3C//DTD XHTML 1.0 Transitional//EN"
    "http://www.w3.org/TR/xhtml1/DTD/xhtml1-transitional.dtd">
<html xmlns="http://www.w3.org/1999/xhtml" xml:lang="en" lang="en">
 <head>
  <title>
</title>
<meta http-equiv="Content-Type" content="text/html;charset=utf-8" />
  <meta name='ocr-system' content='tesseract 3.04.00' />
  <meta name='ocr-capabilities' content='ocr_page ocr_carea ocr_par ocr_line ocrx_word'/>
</head>
<body>
  <div class='ocr_page' id='page_1' title='image "./vincentiibellin03bellgoog_0129.png"; bbox 0 0 4554 6345; ppageno 0'>
   <div class='ocr_carea' id='block_1_1' title="bbox 930 458 3123 593">
    <p class='ocr_par' dir='ltr' id='par_1_1' title="bbox 930 458 3123 593">
     <span class='ocr_line' id='line_1_1' title="bbox 930 458 3123 593; baseline -0.001 -22"><span class='ocrx_word' id='word_1_1' title='bbox 930 461 1308 574; x_wconf 90' lang='lat' dir='ltr'>NON</span> <span class='ocrx_word' id='word_1_2' title='bbox 1450 458 2584 573; x_wconf 82' lang='lat' dir='ltr'><strong>EVULGATIS.</strong></span> <span class='ocrx_word' id='word_1_3' title='bbox 2987 459 3123 593; x_wconf 90' lang='lat'>87</span> 
     </span>
    </p>
   </div>
   <div class='ocr_carea' id='block_1_2' title="bbox 265 681 3315 4454">
    <p class='ocr_par' dir='ltr' id='par_1_2' title="bbox 265 681 3315 4454">
     <span class='ocr_line' id='line_1_2' title="bbox 281 681 3254 821; baseline -0.002 -46"><span class='ocrx_word' id='word_1_4' title='bbox 281 712 647 821; x_wconf 75' lang='lat' dir='ltr'>tempore</span> <span class='ocrx_word' id='word_1_5' title='bbox 717 684 1111 791; x_wconf 84' lang='lat' dir='ltr'>Albanus,</span> <span class='ocrx_word' id='word_1_6' title='bbox 1169 687 1415 775; x_wconf 61' lang='lat' dir='ltr'>aufi’tis</span> <span class='ocrx_word' id='word_1_7' title='bbox 1477 683 1724 803; x_wconf 86' lang='lat' dir='ltr'>copiis</span> <span class='ocrx_word' id='word_1_8' title='bbox 1769 746 1796 789; x_wconf 86' lang='lat'><strong>‚</strong></span> <span class='ocrx_word' id='word_1_9' title='bbox 1853 683 1933 769; x_wconf 91' lang='lat' dir='ltr'>in</span> <span class='ocrx_word' id='word_1_10' title='bbox 2000 681 2327 770; x_wconf 81' lang='lat' dir='ltr'>Latium</span> <span class='ocrx_word' id='word_1_11' title='bbox 2356 681 2700 770; x_wconf 89' lang='lat' dir='ltr'>reversus</span> <span class='ocrx_word' id='word_1_12' title='bbox 2760 712 3027 770; x_wconf 87' lang='lat' dir='ltr'>arcem</span> <span class='ocrx_word' id='word_1_13' title='bbox 3078 688 3254 771; x_wconf 89' lang='lat' dir='ltr'>Ma·</span> 
     </span>
     <span class='ocr_line' id='line_1_3' title="bbox 280 801 3256 921; baseline -0.001 -29"><span class='ocrx_word' id='word_1_14' title='bbox 280 805 488 892; x_wconf 77' lang='lat' dir='ltr'>ximt</span> <span class='ocrx_word' id='word_1_15' title='bbox 555 804 631 888; x_wconf 92' lang='lat' dir='ltr'>vi</span> <span class='ocrx_word' id='word_1_16' title='bbox 672 804 978 921; x_wconf 79' lang='lat' dir='ltr'>coepit;</span> <span class='ocrx_word' id='word_1_17' title='bbox 1030 831 1112 890; x_wconf 90' lang='lat' dir='ltr'>et</span> <span class='ocrx_word' id='word_1_18' title='bbox 1133 808 1504 919; x_wconf 89' lang='lat' dir='ltr'>Segniam</span> <span class='ocrx_word' id='word_1_19' title='bbox 1573 804 1736 921; x_wconf 89' lang='lat' dir='ltr'>post</span> <span class='ocrx_word' id='word_1_20' title='bbox 1796 804 2183 889; x_wconf 86' lang='lat' dir='ltr'>horrenda</span> <span class='ocrx_word' id='word_1_21' title='bbox 2229 802 2519 888; x_wconf 88' lang='lat' dir='ltr'>scelera</span> <span class='ocrx_word' id='word_1_22' title='bbox 2564 832 2618 887; x_wconf 86' lang='lat' dir='ltr'>a</span> <span class='ocrx_word' id='word_1_23' title='bbox 2674 801 2938 889; x_wconf 89' lang='lat' dir='ltr'>milite</span> <span class='ocrx_word' id='word_1_24' title='bbox 2980 831 3256 919; x_wconf 85' lang='lat' dir='ltr'>perpa-</span> 
     </span>
     <span class='ocr_line' id='line_1_4' title="bbox 280 918 3254 1037; baseline -0.001 -29"><span class='ocrx_word' id='word_1_25' title='bbox 280 949 495 1008; x_wconf 86' lang='lat' dir='ltr'>trata</span> <span class='ocrx_word' id='word_1_26' title='bbox 555 922 856 1028; x_wconf 74' lang='lat' dir='ltr'>diruit,</span> <span class='ocrx_word' id='word_1_27' title='bbox 906 951 1144 1037; x_wconf 86' lang='lat' dir='ltr'>atque</span> <span class='ocrx_word' id='word_1_28' title='bbox 1208 924 1575 1010; x_wconf 85' lang='lat' dir='ltr'>incendio</span> <span class='ocrx_word' id='word_1_29' title='bbox 1635 921 2077 1033; x_wconf 84' lang='lat' dir='ltr'>corrumpit</span> <span class='ocrx_word' id='word_1_30' title='bbox 2113 979 2134 1004; x_wconf 88' lang='lat'><strong>.</strong></span> <span class='ocrx_word' id='word_1_31' title='bbox 2196 921 2520 1008; x_wconf 87' lang='lat' dir='ltr'>Altiora</span> <span class='ocrx_word' id='word_1_32' title='bbox 2574 918 2763 1006; x_wconf 88' lang='lat' dir='ltr'>inde</span> <span class='ocrx_word' id='word_1_33' title='bbox 2824 920 3254 1007; x_wconf 87' lang='lat' dir='ltr'>meditatus</span> 
     </span>
     <span class='ocr_line' id='line_1_5' title="bbox 277 1038 3264 1157; baseline -0.001 -31"><span class='ocrx_word' id='word_1_34' title='bbox 277 1044 639 1127; x_wconf 82' lang='lat' dir='ltr'>Romam</span> <span class='ocrx_word' id='word_1_35' title='bbox 700 1070 1021 1155; x_wconf 87' lang='lat' dir='ltr'>quoque</span> <span class='ocrx_word' id='word_1_36' title='bbox 1075 1047 1268 1127; x_wconf 76' lang='lat' dir='ltr'>VH.</span> <span class='ocrx_word' id='word_1_37' title='bbox 1324 1042 1509 1129; x_wconf 84' lang='lat' dir='ltr'>Kal.</span> <span class='ocrx_word' id='word_1_38' title='bbox 1551 1039 2048 1157; x_wconf 73' lang='lat' dir='ltr'>Septembris?</span> <span class='ocrx_word' id='word_1_39' title='bbox 2089 1039 2563 1155; x_wconf 77' lang='lat' dir='ltr'>intempesta</span> <span class='ocrx_word' id='word_1_40' title='bbox 2611 1038 3264 1145; x_wconf 68' lang='lat' dir='ltr'>no&amp;e‚.admmis</span> 
     </span>
     <span class='ocr_line' id='line_1_6' title="bbox 272 1156 3265 1273; baseline -0.001 -28"><span class='ocrx_word' id='word_1_41' title='bbox 272 1157 382 1245; x_wconf 83' lang='lat' dir='ltr'>ad</span> <span class='ocrx_word' id='word_1_42' title='bbox 444 1158 610 1270; x_wconf 87' lang='lat' dir='ltr'>ejus</span> <span class='ocrx_word' id='word_1_43' title='bbox 673 1187 951 1245; x_wconf 86' lang='lat' dir='ltr'>muros</span> <span class='ocrx_word' id='word_1_44' title='bbox 999 1157 1265 1264; x_wconf 76' lang='lat' dir='ltr'>stalis,</span> <span class='ocrx_word' id='word_1_45' title='bbox 1326 1159 1612 1246; x_wconf 89' lang='lat' dir='ltr'>studuit</span> <span class='ocrx_word' id='word_1_46' title='bbox 1670 1185 2097 1273; x_wconf 87' lang='lat' dir='ltr'>occupare;</span> <span class='ocrx_word' id='word_1_47' title='bbox 2159 1156 2285 1243; x_wconf 87' lang='lat' dir='ltr'>sed</span> <span class='ocrx_word' id='word_1_48' title='bbox 2344 1158 2878 1271; x_wconf 83' lang='lat' dir='ltr'>aggressorum</span> <span class='ocrx_word' id='word_1_49' title='bbox 2925 1184 3265 1244; x_wconf 85' lang='lat' dir='ltr'>conatus</span> 
     </span>
     <span class='ocr_line' id='line_1_7' title="bbox 271 1274 3265 1391; baseline -0.001 -29"><span class='ocrx_word' id='word_1_50' title='bbox 271 1279 387 1362; x_wconf 88' lang='lat' dir='ltr'>ob</span> <span class='ocrx_word' id='word_1_51' title='bbox 454 1274 968 1391; x_wconf 83' lang='lat' dir='ltr'>vigilantium</span> <span class='ocrx_word' id='word_1_52' title='bbox 1025 1278 1355 1363; x_wconf 82' lang='lat' dir='ltr'>Praesidii</span> <span class='ocrx_word' id='word_1_53' title='bbox 1416 1276 1619 1364; x_wconf 89' lang='lat' dir='ltr'>irriti</span> <span class='ocrx_word' id='word_1_54' title='bbox 1683 1277 2085 1363; x_wconf 67' lang='lat' dir='ltr'>cecidere.</span> <span class='ocrx_word' id='word_1_55' title='bbox 2137 1281 2333 1361; x_wconf 81' lang='lat' dir='ltr'>Haec</span> <span class='ocrx_word' id='word_1_56' title='bbox 2396 1276 2606 1362; x_wconf 90' lang='lat' dir='ltr'>inter</span> <span class='ocrx_word' id='word_1_57' title='bbox 2664 1282 3015 1362; x_wconf 82' lang='lat' dir='ltr'>Romam</span> <span class='ocrx_word' id='word_1_58' title='bbox 3067 1304 3265 1360; x_wconf 89' lang='lat' dir='ltr'>nun·</span> 
     </span>
     <span class='ocr_line' id='line_1_8' title="bbox 273 1391 3264 1509; baseline -0 -31"><span class='ocrx_word' id='word_1_59' title='bbox 273 1393 627 1494; x_wconf 81' lang='lat' dir='ltr'>ciarum,</span> <span class='ocrx_word' id='word_1_60' title='bbox 681 1394 1088 1482; x_wconf 84' lang='lat' dir='ltr'>Gallicum</span> <span class='ocrx_word' id='word_1_61' title='bbox 1149 1395 1587 1483; x_wconf 87' lang='lat' dir='ltr'>exercitum</span> <span class='ocrx_word' id='word_1_62' title='bbox 1649 1395 1732 1481; x_wconf 87' lang='lat' dir='ltr'>in</span> <span class='ocrx_word' id='word_1_63' title='bbox 1794 1394 2076 1507; x_wconf 79' lang='lat' dir='ltr'>Belgio</span> <span class='ocrx_word' id='word_1_64' title='bbox 2137 1397 2238 1479; x_wconf 89' lang='lat' dir='ltr'>ab</span> <span class='ocrx_word' id='word_1_65' title='bbox 2301 1392 2683 1509; x_wconf 81' lang='lat' dir='ltr'>Hispanis</span> <span class='ocrx_word' id='word_1_66' title='bbox 2732 1391 2837 1480; x_wconf 86' lang='lat' dir='ltr'>ad</span> <span class='ocrx_word' id='word_1_67' title='bbox 2893 1399 2977 1479; x_wconf 84' lang='lat' dir='ltr'>S..</span> <span class='ocrx_word' id='word_1_68' title='bbox 3002 1391 3264 1508; x_wconf 81' lang='lat' dir='ltr'>Quin·</span> 
     </span>
     <span class='ocr_line' id='line_1_9' title="bbox 280 1510 3259 1614; baseline -0.001 -16"><span class='ocrx_word' id='word_1_69' title='bbox 280 1511 549 1598; x_wconf 89' lang='lat' dir='ltr'>tinum</span> <span class='ocrx_word' id='word_1_70' title='bbox 592 1511 991 1614; x_wconf 78' lang='lat' dir='ltr'>deletum,</span> <span class='ocrx_word' id='word_1_71' title='bbox 1052 1539 1137 1597; x_wconf 88' lang='lat' dir='ltr'>et</span> <span class='ocrx_word' id='word_1_72' title='bbox 1196 1515 1648 1600; x_wconf 87' lang='lat' dir='ltr'>Henricum</span> <span class='ocrx_word' id='word_1_73' title='bbox 1708 1514 1807 1598; x_wconf 89' lang='lat' dir='ltr'>ad</span> <span class='ocrx_word' id='word_1_74' title='bbox 1869 1511 2002 1598; x_wconf 86' lang='lat' dir='ltr'>sua</span> <span class='ocrx_word' id='word_1_75' title='bbox 2059 1512 2356 1599; x_wconf 87' lang='lat' dir='ltr'>tuenda</span> <span class='ocrx_word' id='word_1_76' title='bbox 2413 1512 2772 1598; x_wconf 85' lang='lat' dir='ltr'>Guifium</span> <span class='ocrx_word' id='word_1_77' title='bbox 2841 1542 3022 1599; x_wconf 86' lang='lat' dir='ltr'>cum</span> <span class='ocrx_word' id='word_1_78' title='bbox 3113 1510 3259 1596; x_wconf 87' lang='lat' dir='ltr'>mi·</span> 
     </span>
     <span class='ocr_line' id='line_1_10' title="bbox 285 1628 3264 1744; baseline -0.001 -28"><span class='ocrx_word' id='word_1_79' title='bbox 285 1629 440 1716; x_wconf 91' lang='lat' dir='ltr'>lite</span> <span class='ocrx_word' id='word_1_80' title='bbox 503 1628 903 1716; x_wconf 77' lang='lat' dir='ltr'>evocasse:</span> <span class='ocrx_word' id='word_1_81' title='bbox 957 1660 1207 1744; x_wconf 88' lang='lat' dir='ltr'>quam</span> <span class='ocrx_word' id='word_1_82' title='bbox 1266 1632 1369 1717; x_wconf 95' lang='lat' dir='ltr'>ob</span> <span class='ocrx_word' id='word_1_83' title='bbox 1402 1663 1576 1719; x_wconf 89' lang='lat' dir='ltr'>rem</span> <span class='ocrx_word' id='word_1_84' title='bbox 1634 1630 2061 1717; x_wconf 72' lang='lat' dir='ltr'>deterritus</span> <span class='ocrx_word' id='word_1_85' title='bbox 2108 1628 2477 1717; x_wconf 88' lang='lat' dir='ltr'>Pontifex</span> <span class='ocrx_word' id='word_1_86' title='bbox 2497 1630 2591 1715; x_wconf 92' lang='lat' dir='ltr'>ad</span> <span class='ocrx_word' id='word_1_87' title='bbox 2615 1628 3044 1717; x_wconf 89' lang='lat' dir='ltr'>audiendas</span> <span class='ocrx_word' id='word_1_88' title='bbox 3080 1658 3264 1716; x_wconf 88' lang='lat' dir='ltr'>con·</span> 
     </span>
     <span class='ocr_line' id='line_1_11' title="bbox 286 1745 3264 1866; baseline 0 -34"><span class='ocrx_word' id='word_1_89' title='bbox 286 1745 644 1833; x_wconf 82' lang='lat' dir='ltr'>ditiones</span> <span class='ocrx_word' id='word_1_90' title='bbox 697 1748 916 1864; x_wconf 85' lang='lat' dir='ltr'>pacis</span> <span class='ocrx_word' id='word_1_91' title='bbox 960 1809 987 1854; x_wconf 90' lang='lat'>,</span> <span class='ocrx_word' id='word_1_92' title='bbox 1042 1779 1248 1863; x_wconf 85' lang='lat' dir='ltr'>quas</span> <span class='ocrx_word' id='word_1_93' title='bbox 1318 1748 1627 1866; x_wconf 85' lang='lat' dir='ltr'>semper</span> <span class='ocrx_word' id='word_1_94' title='bbox 1703 1774 2096 1862; x_wconf 81' lang='lat' dir='ltr'>nepotum</span> <span class='ocrx_word' id='word_1_95' title='bbox 2178 1747 2519 1863; x_wconf 85' lang='lat' dir='ltr'>impulsu</span> <span class='ocrx_word' id='word_1_96' title='bbox 2557 1807 2590 1851; x_wconf 82' lang='lat'>,</span> <span class='ocrx_word' id='word_1_97' title='bbox 2639 1776 2887 1861; x_wconf 81' lang='lat' dir='ltr'>atque</span> <span class='ocrx_word' id='word_1_98' title='bbox 2961 1747 3264 1834; x_wconf 83' lang='lat' dir='ltr'>artibus</span> 
     </span>
     <span class='ocr_line' id='line_1_12' title="bbox 285 1863 3259 1983; baseline 0 -33"><span class='ocrx_word' id='word_1_99' title='bbox 285 1893 722 1971; x_wconf 72' lang='lat' dir='ltr'>renuerat,</span> <span class='ocrx_word' id='word_1_100' title='bbox 774 1864 850 1952; x_wconf 86' lang='lat' dir='ltr'>se</span> <span class='ocrx_word' id='word_1_101' title='bbox 908 1866 1351 1978; x_wconf 83' lang='lat' dir='ltr'>convertit3</span> <span class='ocrx_word' id='word_1_102' title='bbox 1412 1898 1582 1983; x_wconf 88' lang='lat' dir='ltr'>quae</span> <span class='ocrx_word' id='word_1_103' title='bbox 1647 1868 1974 1953; x_wconf 84' lang='lat' dir='ltr'>tandem·</span> <span class='ocrx_word' id='word_1_104' title='bbox 2055 1870 2365 1952; x_wconf 81' lang='lat' dir='ltr'>XVIII.</span> <span class='ocrx_word' id='word_1_105' title='bbox 2454 1863 2643 1952; x_wconf 77' lang='lat' dir='ltr'>Kal.</span> <span class='ocrx_word' id='word_1_106' title='bbox 2700 1865 3083 1952; x_wconf 64' lang='lat' dir='ltr'>ORobris</span> <span class='ocrx_word' id='word_1_107' title='bbox 3157 1865 3259 1950; x_wconf 89' lang='lat' dir='ltr'>ad</span> 
     </span>
     <span class='ocr_line' id='line_1_13' title="bbox 292 1981 3261 2092; baseline 0.001 -25"><span class='ocrx_word' id='word_1_108' title='bbox 292 1982 468 2090; x_wconf 83' lang='lat' dir='ltr'>ejus</span> <span class='ocrx_word' id='word_1_109' title='bbox 532 2008 895 2070; x_wconf 86' lang='lat' dir='ltr'>mentem</span> <span class='ocrx_word' id='word_1_110' title='bbox 951 1984 1272 2071; x_wconf 88' lang='lat' dir='ltr'>firmata</span> <span class='ocrx_word' id='word_1_111' title='bbox 1346 1988 1451 2071; x_wconf 87' lang='lat' dir='ltr'>est</span> <span class='ocrx_word' id='word_1_112' title='bbox 1503 2047 1534 2069; x_wconf 81' lang='grc'><strong>.</strong></span> <span class='ocrx_word' id='word_1_113' title='bbox 1587 1991 1698 2073; x_wconf 87' lang='lat' dir='ltr'>Et</span> <span class='ocrx_word' id='word_1_114' title='bbox 1758 1984 1898 2072; x_wconf 90' lang='lat' dir='ltr'>hic</span> <span class='ocrx_word' id='word_1_115' title='bbox 1970 1983 2295 2092; x_wconf 87' lang='lat' dir='ltr'>hujusce</span> <span class='ocrx_word' id='word_1_116' title='bbox 2370 1983 2565 2070; x_wconf 79' lang='lat' dir='ltr'>belli·</span> <span class='ocrx_word' id='word_1_117' title='bbox 2638 1981 3151 2071; x_wconf 82' lang='lat' dir='ltr'>inconsultius</span> <span class='ocrx_word' id='word_1_118' title='bbox 3211 2012 3261 2070; x_wconf 82' lang='lat' dir='ltr'>a</span> 
     </span>
     <span class='ocr_line' id='line_1_14' title="bbox 289 2095 3254 2215; baseline 0.001 -31"><span class='ocrx_word' id='word_1_119' title='bbox 289 2095 591 2185; x_wconf 84' lang='lat' dir='ltr'>Paullo</span> <span class='ocrx_word' id='word_1_120' title='bbox 643 2099 961 2215; x_wconf 85' lang='lat' dir='ltr'>suscepti</span> <span class='ocrx_word' id='word_1_121' title='bbox 1001 2161 1040 2207; x_wconf 73' lang='grc'>,</span> <span class='ocrx_word' id='word_1_122' title='bbox 1091 2129 1174 2187; x_wconf 89' lang='lat' dir='ltr'>et</span> <span class='ocrx_word' id='word_1_123' title='bbox 1252 2104 1446 2215; x_wconf 83' lang='lat' dir='ltr'>gesti·</span> <span class='ocrx_word' id='word_1_124' title='bbox 1525 2101 1700 2189; x_wconf 85' lang='lat' dir='ltr'>finis</span> <span class='ocrx_word' id='word_1_125' title='bbox 1782 2101 1933 2188; x_wconf 82' lang='lat' dir='ltr'>fuit</span> <span class='ocrx_word' id='word_1_126' title='bbox 2062 2108 2256 2187; x_wconf 89' lang='lat' dir='ltr'>Hoc.</span> <span class='ocrx_word' id='word_1_127' title='bbox 2311 2100 2726 2203; x_wconf 63' lang='lat' dir='ltr'>extinRQ</span> <span class='ocrx_word' id='word_1_128' title='bbox 2776 2131 3085 2187; x_wconf 83' lang='lat' dir='ltr'>novum·</span> <span class='ocrx_word' id='word_1_129' title='bbox 3168 2099 3254 2187; x_wconf 88' lang='lat' dir='ltr'>in</span> 
     </span>
     <span class='ocr_line' id='line_1_15' title="bbox 285 2217 3260 2335; baseline 0.001 -31"><span class='ocrx_word' id='word_1_130' title='bbox 285 2218 642 2304; x_wconf 81' lang='lat' dir='ltr'>Estenfis</span> <span class='ocrx_word' id='word_1_131' title='bbox 691 2218 1000 2304; x_wconf 89' lang='lat' dir='ltr'>ditione</span> <span class='ocrx_word' id='word_1_132' title='bbox 1057 2218 1387 2335; x_wconf 83' lang='lat' dir='ltr'>insurgit</span> <span class='ocrx_word' id='word_1_133' title='bbox 1432 2248 1469 2328; x_wconf 78' lang='lat'>;</span> <span class='ocrx_word' id='word_1_134' title='bbox 1517 2218 1826 2305; x_wconf 82' lang='lat' dir='ltr'>etenim</span> <span class='ocrx_word' id='word_1_135' title='bbox 1901 2218 2325 2334; x_wconf 57' lang='lat' dir='ltr'>Philippus</span> <span class='ocrx_word' id='word_1_136' title='bbox 2392 2219 2729 2305; x_wconf 85' lang='lat' dir='ltr'>Herculi</span> <span class='ocrx_word' id='word_1_137' title='bbox 2805 2224 2921 2305; x_wconf 89' lang='lat' dir='ltr'>ob.-</span> <span class='ocrx_word' id='word_1_138' title='bbox 2993 2217 3260 2306; x_wconf 84' lang='lat' dir='ltr'>foedus</span> 
     </span>
     <span class='ocr_line' id='line_1_16' title="bbox 289 2335 3255 2444; baseline 0 -23"><span class='ocrx_word' id='word_1_139' title='bbox 289 2365 485 2421; x_wconf 87' lang='lat' dir='ltr'>cum</span> <span class='ocrx_word' id='word_1_140' title='bbox 553 2335 939 2421; x_wconf 79' lang='lat' dir='ltr'>Pontifice</span> <span class='ocrx_word' id='word_1_141' title='bbox 992 2336 1238 2422; x_wconf 55' lang='lat' dir='ltr'>iilum</span> <span class='ocrx_word' id='word_1_142' title='bbox 1305 2336 2034 2444; x_wconf 69' lang='lat' dir='ltr'>infensuS‚O&amp;avio</span> <span class='ocrx_word' id='word_1_143' title='bbox 2061 2338 2434 2422; x_wconf 78' lang='lat' dir='ltr'>Farnesio</span> <span class='ocrx_word' id='word_1_144' title='bbox 2485 2339 3022 2422; x_wconf 76' lang='lat' dir='ltr'>Parmensium</span> <span class='ocrx_word' id='word_1_145' title='bbox 3085 2345 3255 2422; x_wconf 91' lang='lat' dir='ltr'>Du·</span> 
     </span>
     <span class='ocr_line' id='line_1_17' title="bbox 265 2452 3315 2561; baseline 0.001 -22"><span class='ocrx_word' id='word_1_146' title='bbox 265 2452 372 2539; x_wconf 86' lang='lat' dir='ltr'>-ci</span> <span class='ocrx_word' id='word_1_147' title='bbox 434 2453 570 2538; x_wconf 87' lang='lat' dir='ltr'>fibi</span> <span class='ocrx_word' id='word_1_148' title='bbox 638 2454 797 2561; x_wconf 84' lang='lat' dir='ltr'>jam</span> <span class='ocrx_word' id='word_1_149' title='bbox 857 2454 1292 2543; x_wconf 79' lang='lat' dir='ltr'>conciliato</span> <span class='ocrx_word' id='word_1_150' title='bbox 1340 2454 1788 2560; x_wconf 82' lang='lat' dir='ltr'>ultionem,</span> <span class='ocrx_word' id='word_1_151' title='bbox 1840 2484 1932 2541; x_wconf 91' lang='lat' dir='ltr'>ac</span> <span class='ocrx_word' id='word_1_152' title='bbox 1996 2455 2187 2540; x_wconf 90' lang='lat' dir='ltr'>belli</span> <span class='ocrx_word' id='word_1_153' title='bbox 2248 2454 2553 2540; x_wconf 88' lang='lat' dir='ltr'>molem</span> <span class='ocrx_word' id='word_1_154' title='bbox 2592 2453 3045 2540; x_wconf 75' lang='lat' dir='ltr'>commisit..</span> <span class='ocrx_word' id='word_1_155' title='bbox 3094 2454 3259 2543; x_wconf 84' lang='lat' dir='ltr'>Hic</span> <span class='ocrx_word' id='word_1_156' title='bbox 3310 2544 3315 2549; x_wconf 72' lang='grc'>,</span> 
     </span>
     <span class='ocr_line' id='line_1_18' title="bbox 296 2568 3256 2689; baseline 0.002 -35"><span class='ocrx_word' id='word_1_157' title='bbox 296 2568 439 2654; x_wconf 85' lang='lat' dir='ltr'>sub</span> <span class='ocrx_word' id='word_1_158' title='bbox 499 2570 875 2656; x_wconf 63' lang='lat' dir='ltr'>ORobris</span> <span class='ocrx_word' id='word_1_159' title='bbox 926 2572 1257 2659; x_wconf 85' lang='lat' dir='ltr'>initium</span> <span class='ocrx_word' id='word_1_160' title='bbox 1307 2573 1815 2689; x_wconf 80' lang='lat' dir='ltr'>Hispanicis,</span> <span class='ocrx_word' id='word_1_161' title='bbox 1868 2600 1951 2659; x_wconf 88' lang='lat' dir='ltr'>et</span> <span class='ocrx_word' id='word_1_162' title='bbox 2011 2573 2495 2659; x_wconf 82' lang='lat' dir='ltr'>Florentinis</span> <span class='ocrx_word' id='word_1_163' title='bbox 2523 2571 2955 2658; x_wconf 70' lang='lat' dir='ltr'>succinftus.</span> <span class='ocrx_word' id='word_1_164' title='bbox 3005 2573 3256 2686; x_wconf 85' lang='lat' dir='ltr'>copiis</span> 
     </span>
     <span class='ocr_line' id='line_1_19' title="bbox 293 2686 3259 2806; baseline 0.002 -35"><span class='ocrx_word' id='word_1_165' title='bbox 293 2686 385 2771; x_wconf 88' lang='lat' dir='ltr'>in</span> <span class='ocrx_word' id='word_1_166' title='bbox 452 2715 734 2800; x_wconf 86' lang='lat' dir='ltr'>agrum</span> <span class='ocrx_word' id='word_1_167' title='bbox 798 2689 1272 2804; x_wconf 83' lang='lat' dir='ltr'>Regiensem</span> <span class='ocrx_word' id='word_1_168' title='bbox 1329 2692 1759 2805; x_wconf 65' lang='lat' dir='ltr'>ingreffu3‚</span> <span class='ocrx_word' id='word_1_169' title='bbox 1804 2690 2322 2805; x_wconf 79' lang='lat' dir='ltr'>ingentibus,</span> <span class='ocrx_word' id='word_1_170' title='bbox 2378 2690 2706 2775; x_wconf 85' lang='lat' dir='ltr'>nemine</span> <span class='ocrx_word' id='word_1_171' title='bbox 2758 2688 3259 2806; x_wconf 89' lang='lat' dir='ltr'>prohibente,</span> 
     </span>
     <span class='ocr_line' id='line_1_20' title="bbox 299 2804 3263 2924; baseline 0 -34"><span class='ocrx_word' id='word_1_172' title='bbox 299 2804 957 2920; x_wconf 84' lang='lat' dir='ltr'>populationibus</span> <span class='ocrx_word' id='word_1_173' title='bbox 1016 2806 1237 2893; x_wconf 73' lang='lat' dir='ltr'>saffis</span> <span class='ocrx_word' id='word_1_174' title='bbox 1275 2870 1302 2912; x_wconf 85' lang='lat'>‚</span> <span class='ocrx_word' id='word_1_175' title='bbox 1364 2810 1652 2923; x_wconf 87' lang='lat' dir='ltr'>primo.</span> <span class='ocrx_word' id='word_1_176' title='bbox 1706 2810 2020 2924; x_wconf 85' lang='lat' dir='ltr'>impetu</span> <span class='ocrx_word' id='word_1_177' title='bbox 2097 2809 2667 2895; x_wconf 80' lang='lat' dir='ltr'>Montechium</span> <span class='ocrx_word' id='word_1_178' title='bbox 2754 2806 3172 2921; x_wconf 88' lang='lat' dir='ltr'>occupavit</span> <span class='ocrx_word' id='word_1_179' title='bbox 3231 2866 3263 2911; x_wconf 89' lang='lat'>,</span> 
     </span>
     <span class='ocr_line' id='line_1_21' title="bbox 288 2922 3270 3041; baseline 0 -34"><span class='ocrx_word' id='word_1_180' title='bbox 288 2952 389 3007; x_wconf 86' lang='lat' dir='ltr'>ac</span> <span class='ocrx_word' id='word_1_181' title='bbox 455 2923 821 3036; x_wconf 80' lang='lat' dir='ltr'>singulari</span> <span class='ocrx_word' id='word_1_182' title='bbox 882 2924 1300 3037; x_wconf 75' lang='lat' dir='ltr'>diligentia</span> <span class='ocrx_word' id='word_1_183' title='bbox 1358 2929 1736 3032; x_wconf 81' lang='lat' dir='ltr'>munivit,</span> <span class='ocrx_word' id='word_1_184' title='bbox 1792 2926 2318 3041; x_wconf 84' lang='lat' dir='ltr'>omnibusque</span> <span class='ocrx_word' id='word_1_185' title='bbox 2369 2923 2806 3012; x_wconf 74' lang='lat' dir='ltr'>necessariis</span> <span class='ocrx_word' id='word_1_186' title='bbox 2846 2922 3270 3009; x_wconf 76' lang='lat' dir='ltr'>instruxit.</span> 
     </span>
     <span class='ocr_line' id='line_1_22' title="bbox 290 3040 3250 3150; baseline 0 -26"><span class='ocrx_word' id='word_1_187' title='bbox 290 3046 425 3124; x_wconf 86' lang='lat' dir='ltr'>Ea</span> <span class='ocrx_word' id='word_1_188' title='bbox 513 3041 700 3125; x_wconf 87' lang='lat' dir='ltr'>inde</span> <span class='ocrx_word' id='word_1_189' title='bbox 779 3040 947 3126; x_wconf 87' lang='lat' dir='ltr'>usus</span> <span class='ocrx_word' id='word_1_190' title='bbox 1026 3042 1424 3130; x_wconf 88' lang='lat' dir='ltr'>celeritate</span> <span class='ocrx_word' id='word_1_191' title='bbox 1465 3104 1491 3150; x_wconf 87' lang='lat'>,</span> <span class='ocrx_word' id='word_1_192' title='bbox 1553 3046 2072 3147; x_wconf 80' lang='lat' dir='ltr'>Cannffium,</span> <span class='ocrx_word' id='word_1_193' title='bbox 2135 3051 2208 3130; x_wconf 88' lang='lat' dir='ltr'>S.</span> <span class='ocrx_word' id='word_1_194' title='bbox 2296 3043 2709 3148; x_wconf 78' lang='lat' dir='ltr'>Paullum,</span> <span class='ocrx_word' id='word_1_195' title='bbox 2768 3047 3183 3127; x_wconf 87' lang='lat' dir='ltr'>Varanum</span> <span class='ocrx_word' id='word_1_196' title='bbox 3221 3100 3250 3150; x_wconf 86' lang='lat'>,</span> 
     </span>
     <span class='ocr_line' id='line_1_23' title="bbox 285 3158 3256 3277; baseline 0 -32"><span class='ocrx_word' id='word_1_197' title='bbox 285 3158 882 3263; x_wconf 84' lang='lat' dir='ltr'>Scandianum,</span> <span class='ocrx_word' id='word_1_198' title='bbox 940 3160 1257 3275; x_wconf 73' lang='lat' dir='ltr'>aliaque</span> <span class='ocrx_word' id='word_1_199' title='bbox 1314 3160 1487 3248; x_wconf 80' lang='lat' dir='ltr'>loca</span> <span class='ocrx_word' id='word_1_200' title='bbox 1544 3165 1648 3247; x_wconf 83' lang='lat' dir='ltr'>ad</span> <span class='ocrx_word' id='word_1_201' title='bbox 1702 3163 2186 3250; x_wconf 87' lang='lat' dir='ltr'>deditionem</span> <span class='ocrx_word' id='word_1_202' title='bbox 2252 3163 2515 3277; x_wconf 81' lang='lat' dir='ltr'>adegit</span> <span class='ocrx_word' id='word_1_203' title='bbox 2565 3193 2593 3245; x_wconf 71' lang='lat'>.-</span> <span class='ocrx_word' id='word_1_204' title='bbox 2648 3191 2809 3274; x_wconf 91' lang='lat' dir='ltr'>quo</span> <span class='ocrx_word' id='word_1_205' title='bbox 2893 3188 3256 3277; x_wconf 86' lang='lat' dir='ltr'>tempore</span> 
     </span>
     <span class='ocr_line' id='line_1_24' title="bbox 292 3275 3269 3395; baseline 0.001 -33"><span class='ocrx_word' id='word_1_206' title='bbox 292 3277 644 3362; x_wconf 85' lang='lat' dir='ltr'>Essenfis</span> <span class='ocrx_word' id='word_1_207' title='bbox 700 3308 877 3362; x_wconf 87' lang='lat' dir='ltr'>cum</span> <span class='ocrx_word' id='word_1_208' title='bbox 947 3278 1101 3363; x_wconf 82' lang='lat' dir='ltr'>suis</span> <span class='ocrx_word' id='word_1_209' title='bbox 1154 3277 1649 3365; x_wconf 67' lang='lat' dir='ltr'>Parmeniem</span> <span class='ocrx_word' id='word_1_210' title='bbox 1714 3281 2100 3368; x_wconf 86' lang='lat' dir='ltr'>ditionem</span> <span class='ocrx_word' id='word_1_211' title='bbox 2185 3280 2262 3364; x_wconf 87' lang='lat' dir='ltr'>iu</span> <span class='ocrx_word' id='word_1_212' title='bbox 2333 3279 2619 3395; x_wconf 66' lang='lat' dir='ltr'>praedas</span> <span class='ocrx_word' id='word_1_213' title='bbox 2682 3275 2970 3365; x_wconf 83' lang='lat' dir='ltr'>effusus</span> <span class='ocrx_word' id='word_1_214' title='bbox 3020 3279 3269 3364; x_wconf 85' lang='lat' dir='ltr'>vasta·</span> 
     </span>
     <span class='ocr_line' id='line_1_25' title="bbox 293 3395 3271 3512; baseline 0.001 -35"><span class='ocrx_word' id='word_1_215' title='bbox 293 3395 422 3478; x_wconf 73' lang='lat' dir='ltr'>vit</span> <span class='ocrx_word' id='word_1_216' title='bbox 455 3454 481 3496; x_wconf 83' lang='lat'>,</span> <span class='ocrx_word' id='word_1_217' title='bbox 540 3415 789 3509; x_wconf 85' lang='lat' dir='ltr'>atque·</span> <span class='ocrx_word' id='word_1_218' title='bbox 837 3397 936 3480; x_wconf 89' lang='lat' dir='ltr'>ad</span> <span class='ocrx_word' id='word_1_219' title='bbox 999 3427 1269 3511; x_wconf 83' lang='lat' dir='ltr'>portas</span> <span class='ocrx_word' id='word_1_220' title='bbox 1323 3398 1561 3512; x_wconf 87' lang='lat' dir='ltr'>usque</span> <span class='ocrx_word' id='word_1_221' title='bbox 1620 3400 1838 3486; x_wconf 85' lang='lat' dir='ltr'>urbis</span> <span class='ocrx_word' id='word_1_222' title='bbox 1894 3398 2390 3512; x_wconf 73' lang='lat' dir='ltr'>penetravit.</span> <span class='ocrx_word' id='word_1_223' title='bbox 2442 3399 2763 3484; x_wconf 88' lang='lat' dir='ltr'>Postero</span> <span class='ocrx_word' id='word_1_224' title='bbox 2814 3424 3087 3482; x_wconf 86' lang='lat' dir='ltr'>autem</span> <span class='ocrx_word' id='word_1_225' title='bbox 3131 3425 3271 3481; x_wconf 85' lang='lat' dir='ltr'>au·</span> 
     </span>
     <span class='ocr_line' id='line_1_26' title="bbox 287 3512 3272 3630; baseline 0.001 -34"><span class='ocrx_word' id='word_1_226' title='bbox 287 3542 404 3596; x_wconf 89' lang='lat' dir='ltr'>no</span> <span class='ocrx_word' id='word_1_227' title='bbox 473 3514 862 3598; x_wconf 84' lang='lat' dir='ltr'>Hercules</span> <span class='ocrx_word' id='word_1_228' title='bbox 920 3515 1416 3629; x_wconf 77' lang='lat' dir='ltr'>reassumptis</span> <span class='ocrx_word' id='word_1_229' title='bbox 1471 3515 1792 3621; x_wconf 83' lang='lat' dir='ltr'>viribus,</span> <span class='ocrx_word' id='word_1_230' title='bbox 1852 3518 2382 3622; x_wconf 13' lang='lat' dir='ltr'>Canuffio‚flac</span> <span class='ocrx_word' id='word_1_231' title='bbox 2443 3522 2526 3602; x_wconf 76' lang='lat' dir='ltr'>S.</span> <span class='ocrx_word' id='word_1_232' title='bbox 2582 3514 2863 3601; x_wconf 88' lang='lat' dir='ltr'>Paullo</span> <span class='ocrx_word' id='word_1_233' title='bbox 2921 3545 3057 3630; x_wconf 88' lang='lat' dir='ltr'>per</span> <span class='ocrx_word' id='word_1_234' title='bbox 3095 3512 3272 3600; x_wconf 85' lang='lat' dir='ltr'>suos</span> 
     </span>
     <span class='ocr_line' id='line_1_27' title="bbox 291 3632 3269 3750; baseline 0.001 -35"><span class='ocrx_word' id='word_1_235' title='bbox 291 3637 566 3715; x_wconf 84' lang='lat' dir='ltr'>Duces</span> <span class='ocrx_word' id='word_1_236' title='bbox 632 3633 1106 3743; x_wconf 80' lang='lat' dir='ltr'>recuperatis</span> <span class='ocrx_word' id='word_1_237' title='bbox 1149 3693 1175 3733; x_wconf 86' lang='lat'>,</span> <span class='ocrx_word' id='word_1_238' title='bbox 1234 3633 1758 3746; x_wconf 84' lang='lat' dir='ltr'>Garnigionis·</span> <span class='ocrx_word' id='word_1_239' title='bbox 1805 3664 2064 3719; x_wconf 87' lang='lat' dir='ltr'>arcem</span> <span class='ocrx_word' id='word_1_240' title='bbox 2129 3635 2209 3718; x_wconf 92' lang='lat' dir='ltr'>in</span> <span class='ocrx_word' id='word_1_241' title='bbox 2276 3632 2496 3720; x_wconf 78' lang='lat' dir='ltr'>suam</span> <span class='ocrx_word' id='word_1_242' title='bbox 2557 3633 2856 3747; x_wconf 85' lang='lat' dir='ltr'>redegit</span> <span class='ocrx_word' id='word_1_243' title='bbox 2941 3633 3269 3750; x_wconf 84' lang='lat' dir='ltr'>potesta·</span> 
     </span>
     <span class='ocr_line' id='line_1_28' title="bbox 287 3748 3273 3866; baseline 0.001 -35"><span class='ocrx_word' id='word_1_244' title='bbox 287 3776 521 3831; x_wconf 79' lang='lat' dir='ltr'>tem.</span> <span class='ocrx_word' id='word_1_245' title='bbox 579 3748 709 3830; x_wconf 81' lang='lat' dir='ltr'>Ad</span> <span class='ocrx_word' id='word_1_246' title='bbox 773 3750 1186 3833; x_wconf 81' lang='lat' dir='ltr'>Roffenam</span> <span class='ocrx_word' id='word_1_247' title='bbox 1255 3752 1436 3835; x_wconf 90' lang='lat' dir='ltr'>inde</span> <span class='ocrx_word' id='word_1_248' title='bbox 1500 3751 2107 3866; x_wconf 82' lang='lat' dir='ltr'>Corrigienfium</span> <span class='ocrx_word' id='word_1_249' title='bbox 2178 3752 2575 3854; x_wconf 81' lang='lat' dir='ltr'>Castrum,</span> <span class='ocrx_word' id='word_1_250' title='bbox 2627 3752 2766 3865; x_wconf 89' lang='lat' dir='ltr'>qui</span> <span class='ocrx_word' id='word_1_251' title='bbox 2827 3780 2872 3834; x_wconf 92' lang='lat' dir='ltr'>a</span> <span class='ocrx_word' id='word_1_252' title='bbox 2935 3754 3120 3836; x_wconf 84' lang='lat' dir='ltr'>data</span> <span class='ocrx_word' id='word_1_253' title='bbox 3181 3749 3273 3834; x_wconf 85' lang='lat' dir='ltr'>fi·</span> 
     </span>
     <span class='ocr_line' id='line_1_29' title="bbox 293 3862 3262 3982; baseline 0.002 -34"><span class='ocrx_word' id='word_1_254' title='bbox 293 3868 394 3948; x_wconf 93' lang='lat' dir='ltr'>de</span> <span class='ocrx_word' id='word_1_255' title='bbox 462 3862 1001 3970; x_wconf 81' lang='lat' dir='ltr'>destiverant,</span> <span class='ocrx_word' id='word_1_256' title='bbox 1064 3870 1489 3982; x_wconf 81' lang='lat' dir='ltr'>progreffi3</span> <span class='ocrx_word' id='word_1_257' title='bbox 1549 3868 1736 3953; x_wconf 66' lang='lat' dir='ltr'>cum</span> <span class='ocrx_word' id='word_1_258' title='bbox 1797 3869 1958 3977; x_wconf 83' lang='lat' dir='ltr'>ejus</span> <span class='ocrx_word' id='word_1_259' title='bbox 2027 3869 2465 3953; x_wconf 80' lang='lat' dir='ltr'>Praelidiarii</span> <span class='ocrx_word' id='word_1_260' title='bbox 2530 3869 2605 3954; x_wconf 88' lang='lat' dir='ltr'>se</span> <span class='ocrx_word' id='word_1_261' title='bbox 2667 3868 2738 3954; x_wconf 91' lang='lat' dir='ltr'>se</span> <span class='ocrx_word' id='word_1_262' title='bbox 2798 3868 3262 3954; x_wconf 86' lang='lat' dir='ltr'>submittere</span> 
     </span>
     <span class='ocr_line' id='line_1_30' title="bbox 289 3980 3269 4102; baseline 0 -35"><span class='ocrx_word' id='word_1_263' title='bbox 289 3980 781 4085; x_wconf 64' lang='lat' dir='ltr'>renuissent,</span> <span class='ocrx_word' id='word_1_264' title='bbox 844 3981 922 4064; x_wconf 89' lang='lat' dir='ltr'>vi</span> <span class='ocrx_word' id='word_1_265' title='bbox 988 3986 1358 4099; x_wconf 83' lang='lat' dir='ltr'>capiunt,</span> <span class='ocrx_word' id='word_1_266' title='bbox 1417 3986 1983 4102; x_wconf 80' lang='lat' dir='ltr'>direptionibus</span> <span class='ocrx_word' id='word_1_267' title='bbox 2029 4045 2055 4089; x_wconf 83' lang='lat'>,</span> <span class='ocrx_word' id='word_1_268' title='bbox 2114 4015 2209 4068; x_wconf 89' lang='lat' dir='ltr'>ac</span> <span class='ocrx_word' id='word_1_269' title='bbox 2272 3987 2528 4098; x_wconf 87' lang='lat' dir='ltr'>postea</span> <span class='ocrx_word' id='word_1_270' title='bbox 2591 3986 2961 4072; x_wconf 83' lang='lat' dir='ltr'>incendio</span> <span class='ocrx_word' id='word_1_271' title='bbox 3019 3986 3269 4070; x_wconf 87' lang='lat' dir='ltr'>defor-</span> 
     </span>
     <span class='ocr_line' id='line_1_31' title="bbox 293 4103 3268 4217; baseline 0.001 -32"><span class='ocrx_word' id='word_1_272' title='bbox 293 4128 580 4185; x_wconf 87' lang='lat' dir='ltr'>mant.</span> <span class='ocrx_word' id='word_1_273' title='bbox 644 4105 921 4211; x_wconf 89' lang='lat' dir='ltr'>Itaque</span> <span class='ocrx_word' id='word_1_274' title='bbox 987 4133 1164 4186; x_wconf 86' lang='lat' dir='ltr'>cum</span> <span class='ocrx_word' id='word_1_275' title='bbox 1239 4105 1492 4217; x_wconf 82' lang='lat' dir='ltr'>magis</span> <span class='ocrx_word' id='word_1_276' title='bbox 1555 4103 2118 4189; x_wconf 80' lang='lat' dir='ltr'>recrudesceret</span> <span class='ocrx_word' id='word_1_277' title='bbox 2187 4105 2480 4191; x_wconf 87' lang='lat' dir='ltr'>bellum</span> <span class='ocrx_word' id='word_1_278' title='bbox 2520 4167 2546 4211; x_wconf 85' lang='lat'>,</span> <span class='ocrx_word' id='word_1_279' title='bbox 2606 4132 2687 4190; x_wconf 81' lang='lat' dir='ltr'>et</span> <span class='ocrx_word' id='word_1_280' title='bbox 2751 4109 2849 4189; x_wconf 91' lang='lat' dir='ltr'>ab</span> <span class='ocrx_word' id='word_1_281' title='bbox 2936 4132 3268 4216; x_wconf 85' lang='lat' dir='ltr'>utraque</span> 
     </span>
     <span class='ocr_line' id='line_1_32' title="bbox 293 4217 3276 4338; baseline 0.001 -37"><span class='ocrx_word' id='word_1_282' title='bbox 293 4245 525 4333; x_wconf 86' lang='lat' dir='ltr'>parte</span> <span class='ocrx_word' id='word_1_283' title='bbox 591 4246 796 4299; x_wconf 71' lang='lat' dir='ltr'>nova</span> <span class='ocrx_word' id='word_1_284' title='bbox 861 4217 1178 4304; x_wconf 79' lang='lat' dir='ltr'>subfidia</span> <span class='ocrx_word' id='word_1_285' title='bbox 1243 4225 1839 4335; x_wconf 67' lang='lat' dir='ltr'>colligerentur,</span> <span class='ocrx_word' id='word_1_286' title='bbox 1890 4253 2050 4307; x_wconf 86' lang='lat' dir='ltr'>non</span> <span class='ocrx_word' id='word_1_287' title='bbox 2111 4219 2482 4338; x_wconf 82' lang='lat' dir='ltr'>defuere,</span> <span class='ocrx_word' id='word_1_288' title='bbox 2542 4251 2620 4308; x_wconf 89' lang='lat' dir='ltr'>et</span> <span class='ocrx_word' id='word_1_289' title='bbox 2688 4222 3042 4307; x_wconf 83' lang='lat' dir='ltr'>maxime</span> <span class='ocrx_word' id='word_1_290' title='bbox 3088 4228 3276 4316; x_wconf 69' lang='lat' dir='ltr'>Ve-</span> 
     </span>
     <span class='ocr_line' id='line_1_33' title="bbox 285 4334 3268 4454; baseline -0 -32"><span class='ocrx_word' id='word_1_291' title='bbox 285 4335 522 4440; x_wconf 81' lang='lat' dir='ltr'>neti,</span> <span class='ocrx_word' id='word_1_292' title='bbox 581 4361 657 4418; x_wconf 89' lang='lat' dir='ltr'>et</span> <span class='ocrx_word' id='word_1_293' title='bbox 730 4334 1228 4423; x_wconf 83' lang='lat' dir='ltr'>Florentinus</span> <span class='ocrx_word' id='word_1_294' title='bbox 1292 4348 1524 4443; x_wconf 81' lang='lat' dir='ltr'>Dux,</span> <span class='ocrx_word' id='word_1_295' title='bbox 1583 4341 1716 4454; x_wconf 86' lang='lat' dir='ltr'>qui</span> <span class='ocrx_word' id='word_1_296' title='bbox 1789 4348 2091 4450; x_wconf 87' lang='lat' dir='ltr'>Regem</span> <span class='ocrx_word' id='word_1_297' title='bbox 2158 4343 2251 4425; x_wconf 86' lang='lat' dir='ltr'>ad</span> <span class='ocrx_word' id='word_1_298' title='bbox 2318 4342 2815 4426; x_wconf 85' lang='lat' dir='ltr'>concordiam</span> <span class='ocrx_word' id='word_1_299' title='bbox 2859 4343 3268 4424; x_wconf 82' lang='lat' dir='ltr'>hortaren-</span> 
     </span>
    </p>
   </div>
   <div class='ocr_carea' id='block_1_3' title="bbox 281 4452 3261 4687">
    <p class='ocr_par' dir='ltr' id='par_1_3' title="bbox 281 4452 3261 4687">
     <span class='ocr_line' id='line_1_34' title="bbox 281 4452 3261 4573; baseline 0.002 -36"><span class='ocrx_word' id='word_1_300' title='bbox 281 4480 427 4537; x_wconf 84' lang='lat' dir='ltr'>tur</span> <span class='ocrx_word' id='word_1_301' title='bbox 475 4512 502 4564; x_wconf 80' lang='lat'>‚</span> <span class='ocrx_word' id='word_1_302' title='bbox 563 4452 844 4565; x_wconf 86' lang='lat' dir='ltr'>quibus</span> <span class='ocrx_word' id='word_1_303' title='bbox 886 4483 1152 4539; x_wconf 84' lang='lat' dir='ltr'>motus</span> <span class='ocrx_word' id='word_1_304' title='bbox 1237 4460 1663 4544; x_wconf 84' lang='lat' dir='ltr'>Herculem</span> <span class='ocrx_word' id='word_1_305' title='bbox 1743 4458 1828 4543; x_wconf 91' lang='lat' dir='ltr'>in</span> <span class='ocrx_word' id='word_1_306' title='bbox 1910 4457 2131 4543; x_wconf 86' lang='lat' dir='ltr'>suam</span> <span class='ocrx_word' id='word_1_307' title='bbox 2220 4460 2667 4546; x_wconf 86' lang='lat' dir='ltr'>amicitiam</span> <span class='ocrx_word' id='word_1_308' title='bbox 2747 4456 3043 4573; x_wconf 86' lang='lat' dir='ltr'>recepit</span> <span class='ocrx_word' id='word_1_309' title='bbox 3088 4516 3117 4561; x_wconf 80' lang='lat'>‚</span> <span class='ocrx_word' id='word_1_310' title='bbox 3174 4483 3261 4542; x_wconf 86' lang='lat' dir='ltr'>et</span> 
     </span>
     <span class='ocr_line' id='line_1_35' title="bbox 284 4571 1252 4687; baseline 0.001 -31"><span class='ocrx_word' id='word_1_311' title='bbox 284 4571 591 4685; x_wconf 79' lang='lat' dir='ltr'>Regio&#39;</span> <span class='ocrx_word' id='word_1_312' title='bbox 624 4585 908 4687; x_wconf 81' lang='lat' dir='ltr'>pacem</span> <span class='ocrx_word' id='word_1_313' title='bbox 973 4574 1183 4659; x_wconf 89' lang='lat' dir='ltr'>dedit</span> <span class='ocrx_word' id='word_1_314' title='bbox 1224 4635 1252 4657; x_wconf 82' lang='grc'><strong>.</strong></span> 
     </span>
    </p>
   </div>
   <div class='ocr_carea' id='block_1_4' title="bbox 1069 4699 2481 4907">
    <p class='ocr_par' dir='ltr' id='par_1_4' title="bbox 1069 4699 2481 4907">
     <span class='ocr_line' id='line_1_36' title="bbox 1069 4699 2481 4907; baseline 0.001 -4"><span class='ocrx_word' id='word_1_315' title='bbox 1069 4699 2481 4907; x_wconf 52' lang='lat' dir='ltr'>sss‘ssaomffi.</span> 
     </span>
    </p>
   </div>
   <div class='ocr_carea' id='block_1_5' title="bbox 284 4923 3252 5292">
    <p class='ocr_par' dir='ltr' id='par_1_5' title="bbox 284 4923 3252 5292">
     <span class='ocr_line' id='line_1_37' title="bbox 284 4923 3252 5191; baseline 0.005 -57"><span class='ocrx_word' id='word_1_316' title='bbox 284 4923 591 5153; x_wconf 82' lang='lat' dir='ltr'><strong>AE</strong></span> <span class='ocrx_word' id='word_1_317' title='bbox 637 5053 856 5139; x_wconf 84' lang='lat' dir='ltr'>Reus</span> <span class='ocrx_word' id='word_1_318' title='bbox 914 5051 1220 5168; x_wconf 86' lang='lat' dir='ltr'>primus</span> <span class='ocrx_word' id='word_1_319' title='bbox 1274 5055 1634 5170; x_wconf 79' lang='lat' dir='ltr'>perhibet</span> <span class='ocrx_word' id='word_1_320' title='bbox 1694 5051 1781 5140; x_wconf 86' lang='lat' dir='ltr'>in</span> <span class='ocrx_word' id='word_1_321' title='bbox 1842 5083 2023 5143; x_wconf 87' lang='lat' dir='ltr'>area</span> <span class='ocrx_word' id='word_1_322' title='bbox 2089 5085 2338 5182; x_wconf 65' lang='lat' dir='ltr'>unum</span> <span class='ocrx_word' id='word_1_323' title='bbox 2404 5064 2497 5146; x_wconf 83' lang='lat' dir='ltr'>L.</span> <span class='ocrx_word' id='word_1_324' title='bbox 2555 5051 2987 5143; x_wconf 75' lang='lat' dir='ltr'><em>Ludovicus</em></span> <span class='ocrx_word' id='word_1_325' title='bbox 3035 5117 3063 5191; x_wconf 78' lang='lat'>⁹.</span> <span class='ocrx_word' id='word_1_326' title='bbox 3123 5087 3252 5150; x_wconf 86' lang='lat' dir='ltr'>cu·</span> 
     </span>
     <span class='ocr_line' id='line_1_38' title="bbox 3037 5207 3159 5292; baseline 0 -27"><span class='ocrx_word' id='word_1_327' title='bbox 3037 5207 3159 5292; x_wconf 75' lang='lat' dir='ltr'>jus</span> 
     </span>
    </p>
   </div>
  </div>
 </body>
</html>
