4554 6345
1445 547 1579 689 98
2210 547 2437 661 DE
2588 544 3421 658 Momm-ts

1182 784 1249 867 Ι.
1310 774 1802 887 obfignatum
1859 801 2083 859 'anno
2154 774 2822 861 MCCCCXCV.
2867 768 3221 857 Exhibet
3281 767 3415 858 hie
3468 765 3556 856 iu
3601 797 3787 859 aree
3832 767 4276 876 anterioris

1306 893 1553 1026 partis
1616 896 1956 979 Crucem
2025 923 2208 979 cum
2271 918 2619 1009 quatuor
2682 891 2864 976 tofis
2920 890 3003 976 in
3067 889 3240 997 ejus
3292 886 3610 1002 angulis
3666 887 4047 1006 dispolitis
4102 952 4134 998 ‚
4192 919 4274 981 et

1301 1039 1384 1096 in
1450 1008 1757 1096 circulo
1817 1009 2411 1126 inscriptionem
2475 1013 2935 1098 ClVlTAS
2997 1013 3534 1094 TEATINA
3570 1038 3597 1093 :
3655 1006 3763 1092 tin
3825 1008 4273 1124 posterioris

1199 1128 1204 1132 ’
1302 1125 1571 1216 medio
1634 1133 2117 1216 Francorum
2166 1136 2483 1244 Regum
2548 1128 2913 1239 infignia,
2950 1125 3200 1212 literis
3240 1125 3636 1239 ingyrum
3678 1126 3945 1242 posuis
3990 1135 4276 1214 Kao-
4336 1138 4339 1141 ’

1301 1252 1507 1334 LVS
1571 1252 1677 1334 D.
1736 1252 1839 1333 G.
1901 1254 2003 1335 R.
2065 1254 2234 1333 PR.
2298 1252 2435 1335 SI.
2494 1247 2812 1329 Carolus
2878 1245 3025 1327 Dei
3076 1245 3337 1361 gratia
3401 1251 3572 1329 Rex
3629 1249 4103 1330 Francorum
4162 1249 4278 1326 si·

1299 1364 1542 1449 ciliae.
1633 1366 1972 1453 Carolus
2026 1371 2261 1451 VIII.
2326 1372 2818 1452 Francorum
2886 1370 3063 1448 Rex
3124 1393 3311 1450 cum
3368 1391 3748 1478 quartum
3846 1392 3932 1449 et
3999 1365 4277 1475 vigeli-

1299 1513 1527 1570 mum
1593 1482 1969 1597 attigiffet
2031 1513 2334 1569 annum
2375 1543 2403 1589 ‚
2465 1482 2733 1596 glorias
2795 1480 3169 1566 defiderio
3223 1541 3249 1583 ,
3300 1509 3383 1565 et
3443 1481 3763 1596 imperii
3829 1482 4022 1567 lines
4089 1483 4282 1565 dila·

1303 1598 1522 1689 tandi
1586 1630 1861 1717 captus
1915 1601 2550 1717 ⁵Neapolitanum
2619 1607 2994 1714 Regnum
3031 1601 3197 1714 libi
3254 1599 3622 1685 debitum
3684 1597 3821 1709 (1)
3878 1629 4276 1715 occupare

1299 1715 1549 1837 coepit
1612 1719 2028 1806 meditari.
2090 1719 2220 1807 Ad
2284 1744 2600 1807 tantum
2669 1717 3205 1833 peragendum
3269 1746 3473 1831 opus
3526 1717 4002 1805 accefferunt
4076 1750 4277 1832 quo-

1298 1868 1456 1955 que
1517 1837 1906 1926 Ludovici
1968 1835 2275 1927 Sfortiae
2342 1835 2842 1925 Ferdinando
2904 1862 3095 1923 tunc
3154 1835 3363 1950 Regi
3429 1834 3928 1949 summopere
3989 1837 4275 1921 infenli

1299 1954 1434 2072 (2)
1500 1958 1968 2072 petitioneS,
2027 1983 2108 2043 et
2171 1955 2596 2074 promiffa‚
2655 1985 2825 2069 quae
2888 1954 2969 2040 in
3033 1954 3249 2071 spem
3316 1954 3575 2069 Regni
3639 1952 3954 2041 facilius
4012 1955 4279 2040 conse·

1301 2076 1595 2189 quendi
1660 2076 1956 2165 mirum
2020 2077 2103 2162 in
2168 2078 2497 2162 modum
2564 2074 2896 2159 Gallum
2955 2099 3455 2159 attraxerunt
3494 2131 3522 2154 .
3582 2078 3829 2159 Anno
3885 2103 4091 2186 ergo
4162 2080 4285 2158 M·

1304 2200 1897 2280 CCCCXCIV.
1960 2194 2298 2280 Carolus
2359 2193 2440 2279 in
2505 2192 2834 2278 Italiam
2892 2189 3570 2296 descendens‚sub
3605 2190 3882 2307 posteri
3938 2190 4276 2276 initium

1304 2311 1734 2425 Neapolim
1806 2311 2257 2426 properavit
2301 2372 2329 2417 ,
2389 2339 2469 2398 et
2529 2310 2803 2395 decern
2868 2308 3175 2396 dierum
3263 2338 3579 2398 tantum
3673 2307 3923 2424 spatio
3998 2336 4277 2395 totum

1301 2426 1554 2514 ferme
1637 2435 2017 2543 Regnum
2102 2431 2181 2514 in
2251 2429 2462 2515 suam
2566 2427 2867 2542 redegit
2953 2433 3485 2543 potestatem5
3543 2458 3707 2545 quo
3804 2455 4177 2546 tempore
4232 2455 4280 2513 a

1301 2546 1670 2634 'reatinis
1730 2548 1814 2633 in
1878 2545 2044 2659 ejus
2106 2548 2418 2636 cultum
2481 2577 2859 2634 nummus
2952 2544 3170 2634 cusus
3231 2546 3380 2633 est.

1749 2764 2927 2879 VENETORUM
3060 2763 3610 2878 DUCU
3655 2765 3852 2873 M.
3956 2676 3959 2679 ⁵

1317 2907 1781 3126 HAbes
1842 3027 1919 3115 in
1991 3029 2251 3146 primo
2313 3056 2652 3115 nummo
2712 3056 3044 3115 aureum
3107 3033 3511 3116 Ducatum
3539 3033 3948 3115 Vene-tum
4016 3026 4266 3143 vulgo

1192 3152 1258 3239 1.
1317 3149 1691 3240 Zecchino
1754 3148 1890 3237 sub
1950 3151 2272 3238 Andrea
2334 3155 2792 3237 Contareno
2853 3142 3169 3256 cusum,
3219 3148 3357 3266 qui
3418 3145 3569 3236 fuit
3634 3145 3926 3237 Ducali
3989 3178 4283 3264 purpu·
4432 3181 4433 3186 ¹

1357 3303 1360 3306 ·
4084 3297 4178 3358 ra

1313 3491 1993 3521 ——-———-——
2265 3499 2409 3518 ,ι-
2442 3492 3350 3532 -ᾑ-υψ-ᾑ-

1311 3569 1423 3667 (1)
1477 3574 1747 3661 joanna
1809 3572 1899 3640 ΙΙ.
1959 3565 2298 3664 Neapolis
2355 3567 2629 3667 Regina
2686 3571 2876 3665 prole
2931 3597 3167 3644 carens
3225 3557 3673 3669 Alphonsum
3721 3572 4100 3670 Aragoniae
4135 3627 4159 3658 ‚
4202 3588 4289 3648 et.

1410 3669 1669 3745 Siciliae
1732 3674 1994 3766 Regem
2057 3667 2129 3739 in
2189 3665 2420 3739 filium
2497 3670 2866 3768 adoptavit
2914 3729 2934 3762 ,
2989 3676 3059 3746 8<
3122 3673 3348 3774 Regni
3431 3672 3765 3768 haeredem
3845 3669 4319 3746 constituit:-

1412 3774 1650 3842 verum
1714 3769 2057 3868 progr-effu
2114 3767 2451 3866 temporis
2503 3768 2764 3844 exortis
2819 3772 3009 3846 inter
3062 3773 3556 3866 Alphonsum,
3610 3796 3683 3849 et
3744 3772 4094 3874 Reginam
4125 3769 4269 3845 dis-

1414 3871 1721 3970 cordiis;
1778 3870 2083 3966 ejusdem
2141 3871 2508 3971 antiquata
2554 3872 2974 3970 adoptione,
3032 3875 3103 3949 in
3163 3878 3617 3952 Ludovicum
3676 3874 4267 3976 Andegavensem

1418 3977 1834 4062 Ducem,et
1889 4000 1971 4047 eo
2028 3998 2164 4047 non
2197 3975 2426 4044 multo
2480 3973 2622 4071 post
2648 3973 2894 4049 funeb
2948 3976 3016 4049 in
3049 3983 3401 4052 Renatum
3457 3977 3607 4072 ejus
3649 3978 3933 4052 fratrem
3981 3976 4273 4051 transtu-

1415 4072 1553 4167 lit,
1609 4072 1920 4148 maxima
1975 4073 2206 4148 hercle
2262 4075 2729 4174 Aragonensxs
2783 4075 3039 4168 injuria
3088 4103 3111 4177 ;
3168 4077 3288 4178 qui
3365 4078 3508 4178 post
3559 4085 3844 4171 Joannae
3921 4078 4272 4154 excelsum

1415 4175 1486 4249 in
1549 4176 2130 4276 Andegavensem
2194 4177 2422 4274 Regni
2482 4176 2907 4273 possessorem
2967 4179 3179 4255 duxit
3235 4181 3675 4271 exercitum,-
3730 4203 3802 4256 et
3858 4181 4001 4279 post
4048 4180 4279 4253 varios

1385 4279 1591 4352 ‘belli
1647 4276 1837 4354 casus
1895 4279 1976 4351 ad
2035 4277 2349 4376 proprios
2402 4280 2576 4351 lares
2619 4304 2923 4354 remeare
2983 4282 3255 4383 coegit.
3314 4288 3591 4358 Renato
3635 4283 3805 4360 fatis
3857 4281 4106 4358 funao
4155 4307 4275 4355 an·

1420 4407 1513 4453 no
1585 4383 2291 4455 MCCCCLXXXI.
2347 4377 2493 4472 ejus
2563 4377 3042 4456 haereditatem
3123 4383 3244 4456 fibi
3320 4384 3602 4459 asseruit
3675 4384 4086 4462 Ludovicus
4142 4385 4266 4457 XI.

1420 4488 1845 4557 Francorum
1905 4487 2106 4574 Rex,
2159 4509 2246 4554 ex
2287 4506 2443 4594 ‘quo
2496 4503 2701 4555 natus
2755 4482 2847 4556 est
2901 4487 3198 4559 Carolus
3243 4541 3265 4579 ,
3316 4486 3442 4584 qui
3503 4487 3761 4564 Ren‘ati
3817 4488 3960 4583 jura
4016 4483 4264 4588 repeti-

1418 4601 1610 4656 turus
1664 4610 1853 4657 arma
1908 4602 2385 4680 comparavit.
3654 4619 3659 4625 ·

1318 4683 1430 4785 (2)
1485 4685 1895 4760 Ludovicus
1948 4682 2208 4761 Sfortia
2265 4710 2425 4757 aura
2479 4685 2896 4761 dominandi
2948 4689 3216 4781 elatus,
3269 4694 3613 4782 Joannem
3671 4690 4076 4767 Galeatium
4148 4716 4263 4766 ne-

1419 4808 1655 4886 potem
1712 4787 2118 4861 Mediolani
2175 4788 2635 4878 Ducem,cui
2692 4815 2870 4862 uxor
2922 4812 3069 4865 erat
3125 4791 3419 4867 Isabella
3480 4795 3819 4894 Alphonfi
3875 4821 3961 4869 ex
4022 4793 4258 4867 Ferdi-

1418 4888 1653 4962 nando
1708 4888 1857 4963 nati
1934 4887 2084 4962 filia
2129 4945 2151 4981 ,
2197 4888 2591 4989 principatu
2647 4889 3013 4990 deturbare
3087 4897 3331 4969 animo
3387 4900 3720 4971 volvebat
3767 4922 3790 4997 3
3846 4895 4030 4995 quod
4098 4919 4257 4969 cum

1415 4991 1865 5065 ferdinando
1919 4989 2804 5081 innotuiffet,minacibus
2860 4993 3123 5068 litteris
3179 4998 3264 5069 ab
3317 4995 3559 5074 insano
3614 5001 3964 5097 propolito
4018 4997 4260 5072 Ludo-

1417 5092 1656 5168 vicum
1714 5090 2072 5182 dimovere
2128 5091 2701 5193 nitebaturgipse
2759 5121 2922 5192 vero
2968 5097 3413 5173 Ferdinando
3466 5123 3802 5204 regnante
3857 5126 4015 5175 eum
4073 5098 4256 5170 usur·

1411 5218 1571 5290 pare
1628 5193 1867 5292 nepoti
1923 5194 2301 5292 imperium
2360 5220 2499 5267 non
2556 5196 2883 5286 auderet,
2940 5223 3100 5270 eum
3156 5198 3524 5297 deperdere
3578 5204 3782 5280 omni
3838 5226 3988 5280 arte
4042 5200 4263 5276 stude·

1411 5294 1578 5388 bat,
1621 5313 1694 5370 et
1746 5298 2088 5372 Carolum
2141 5292 2219 5369 in
2274 5296 2566 5372 Italiam
2641 5299 2915 5376 trahere
2969 5301 3395 5379 conabatur.
