4554 6345
1491 460 1623 583 8‘2
1980 544 1988 552 -
2237 466 2477 577 DE
2611 465 3443 580 MONETIS

1531 699 1663 781 ln
1689 721 1896 781 aereo
1947 710 2238 809 quarto
2294 688 2705 807 inspicitur
2756 690 3031 779 vuitus
3083 685 3475 806 Principis
3526 714 3714 777 cum
3748 660 4264 803 epigraphe
4226 714 4327 772 m

1135 817 1285 901 IV.
1343 811 1682 901 circuitu
1741 811 2211 900 HERcules.
2246 816 2361 895 ΙΙ.
2417 817 2657 897 DVX
2713 815 3231 896 REG11.A
3294 836 3530 921 tergo
3578 807 3880 892 eminet
3941 804 4151 891 sacra
4200 804 4327 919 pi-

1359 932 1484 1019 xis
1542 931 1747 1017 hisce
1808 930 2138 1018 vocibus
2189 927 2701 1043 circumsepta
2764 931 3376 1015 SANGVINIS
3432 931 3640 1011 ΧΡΙ.
3692 930 4051 1010 Vacante
4108 923 4329 1009 Sede
4440 952 4449 961 ·

1355 1048 1806 1187 Apostolnica
1868 1052 1978 1134 ob
2038 1076 2387 1134 mortem
2450 1045 2783 1131 Adriani
2844 1052 2996 1129 VI.
3049 1042 3507 1159 Alphonsus
3558 1041 3950 1129 subitariis
4027 1038 4335 1126 collec-

1361 1168 1468 1254 tis
1524 1166 1777 1284 copiis
1826 1168 2190 1281 Regium
2255 1163 2787 1280 properavit,
2837 1162 3311 1277 tentatisque
3371 1160 3697 1250 Civium
3760 1160 4110 1264 animis,
4171 1159 4331 1276 ipsi

1360 1286 1620 1373 Ducis
1670 1285 1928 1373 fludio
1980 1285 2317 1370 accensi
2342 1307 2605 1398 portas
2670 1279 3111 1390 reclusere;
3169 1308 3252 1366 et
3312 1282 3417 1365 fic
3470 1282 3825 1394 Regium
3907 1278 4138 1363 nullo
4195 1307 4330 1362 ar·
4462 1306 4469 1325 ¹

1358 1416 1684 1488 morum
1743 1402 2062 1518 strepitu
2123 1403 2221 1487 ad
2285 1426 2600 1486 veteres
2653 1398 3053 1485 Dominos
3115 1398 3439 1503 rediit,
3491 1396 3631 1484 sub
3686 1396 3979 1511 quibus
4052 1397 4331 1481 adhuc

1357 1519 1836 1636 perseverat.
1903 1517 2313 1633 Alphonso
2376 1516 2718 1603 successit
2781 1516 3167 1603 Hercules
3233 1516 3650 1610 maximus
3693 1541 3890 1600 natu
3952 1512 4204 1619 filius,
4234 1513 4335 1598 in

1359 1637 1589 1748 cujus
1639 1636 2104 1753 obsequium
2184 1637 2632 1753 expositum
2729 1659 3163 1783 nummum
3222 1631 3656 1749 Regienses
3744 1633 4146 1748 obsignare
4214 1630 4345 1718 fe-

1367 1782 1711 1844 cerunt

1555 1872 1916 1991 Exponit
1978 1871 2307 1989 quintus
2363 1901 2605 1958 aereus
2661 1870 3001 1982 ejusdem
3068 1869 3448 1959 Herculis
3496 1867 3903 1983 effigiem,
3956 1865 4042 1953 in
4103 1866 4349 1977 cujus
4454 1960 4465 1971 ,

1209 1920 1322 2079 V
1379 1991 1635 2077 limbo
1716 1992 2099 2109 Principis
2179 2021 2481 2093 nomen
2561 1990 3021 2105 inscriptum
3104 1988 3670 2104 perpendimus
3741 1992 4016 2073 HER.
4086 1990 4349 2070 DVX

1366 2115 1691 2197 REGII
1771 2117 1967 2195 1111.
2029 2110 2331 2223 Aquila
2392 2112 2743 2221 expansis
2802 2107 2946 2193 alis
3004 2106 3337 2192 adversae
3401 2108 3649 2221 partis
3709 2133 3972 2189 aream
4033 2101 4352 2218 implet
4482 2098 4483 2127 ³

1364 2258 1552 2312 cum
1625 2226 2055 2341 epigraphe
2118 2226 2650 2312 circumduE‘ta
2711 2231 3319 2311 NOBILITAS
3384 2227 3946 2311 ESTENSIS.

1561 2350 1849 2430 AEreus
1909 2343 2168 2430 sextus
2229 2343 2726 2429 antecedenti
2789 2371 3065 2459 parum
3128 2342 3521 2430 diffimilis
3568 2343 3747 2427 estt·
3782 2339 3894 2423 ibi
3955 2326 4355 2422 Herculis
4458 2412 4469 2449 :

1174 2464 1754 2576 V1.protqme
1820 2492 2006 2548 cum
2071 2463 2235 2570 ejus
2297 2462 2623 2546 nornine
2687 2460 2765 2544 in
2834 2460 3211 2568 circuitu3
3257 2460 3341 2543 in
3404 2460 3766 2575 opposita
3829 2454 4095 2543 medio
4156 2453 4357 2539 loco

1385 2578 1666 2693 aquilae
1729 2579 1872 2664 stat
1936 2580 2435 2684 Unicornis,
2490 2610 2672 2664 cum
2736 2577 3245 2694 inscriptione
3301 2606 3391 2664 ut
3453 2577 3747 2693 supra..

1564 2701 1728 2783 Sub
1789 2698 2068 2783 eodem
2135 2697 2486 2784 Hercule
2568 2697 2951 2831 percussus
3030 2699 3133 2780 est
3197 2694 3573 2810 septimus
3648 2720 3896 2779 aereus
3948 2721 4333 2777 nummus

1351 2817 1766 2903 exhibens
1824 2816 1939 2902 in
1957 2816 2229 2931 piima
2291 2814 2557 2900 fronte
2613 2815 2995 2929 Principis
3055 2813 3433 2917 vultum,
3492 2841 3571 2898 et
3631 2812 3811 2921 ejus
3890 2840 4175 2895 nomen
4243 2811 4334 2894 in

1117 2935 2307 3047 vl1.margine-.1nfignitur
2370 2932 2654 3047 postica
2693 2933 3077 3066 Deiparae
3140 2932 3488 3045 imagine
3576 2930 4027 3044 puerulum
4059 2927 4331 3041 Jesum
4474 2910 4481 2983 l

1374 3050 1455 3134 in
1529 3006 1736 3139 ulnis
1796 3052 2440 3167 complessentis,
2502 3080 2580 3135 et
2643 3049 2715 3134 ei
2780 3052 2921 3135 lac
2957 3046 3753 3164 praebentis,additis
3784 3050 3873 3135 in
3933 3051 4117 3160 orbe
4156 3074 4335 3130 ver-

1359 3170 1496 3255 bis
1559 3178 1972 3258 MATER
2040 3175 2549 3255 GRATJE.

1553 3290 1920 3397 Ejusdem
1987 3294 2080 3372 Β.
2144 3296 2257 3373 M.
2321 3286 2674 3419 Virginis
2739 3290 2913 3397 effig
2886 3286 3034 3371 ‘ies
3107 3316 3297 3370 cum
3357 3284 3901 3402 inscript-ione,'
3929 3312 4014 3370 ut
4077 3282 4343 3399 supra,

1081 3409 1319 3491 VIII.
1378 3407 1972 3519 repraesentatur
2034 3405 2325 3517 pariter
2388 3404 2465 3487 in
2533 3405 3057 3489 anterioribus
3095 3406 3440 3517 partibus
3476 3408 3805 3490 duorum
3871 3403 4337 3527 subsequeri-

1375 3523 1576 3608 tium
1654 3581 1682 3603 .
1791 3523 2258 3612 Posteriores
2342 3523 2532 3605 verb
2612 3523 2953 3606 omnino
3023 3522 3425 3608 dissimiles
3504 3523 3747 3632 sunt5.
3823 3521 3909 3604 in
4008 3550 4169 3603 una
4252 3549 4342 3603 e·

1385 3639 1553 3721 nim
1622 3638 2042 3722 exhibetur
2104 3639 2315 3723 urbis
2357 3640 2685 3724 stemma
2726 3639 3181 3724 cumliteris
3219 3639 3831 3756 circumscriptis
3852 3641 4330 3723 REGIVW

1180 3759 1326 3842 IX.
1386 3762 1817 3840 LEPIDI:
1847 3755 2093 3840 altera
2155 3756 2342 3840 verb
2405 3756 2732 3841 ostendit
2794 3757 3059 3842 Sanffl:
3122 3758 3588 3844 ProteRoris
3650 3760 4087 3870 imaginem
4160 3785 4337 3867 pec·

1386 3899 1555 3957 tore
1624 3904 1855 3960 tenus
1917 3904 2094 3959 cum
2161 3874 2337 3981 ejus
2393 3874 2761 3957 nomine
2780 3872 2863 3957 in
2925 3875 3322 3960 circuitu.
3372 3883 3576 3962 Haec
3637 3877 3999 3992 Deiparae
4060 3874 4337 4007 imago

1377 3990 1456 4074 in
1527 3992 1882 4077 nummis
1940 3993 2387 4096 delineata,
2444 3991 2532 4076 ut
2598 3992 3054 4081 similiorem
3122 3992 3455 4108 aspicere
3519 4024 3759 4078 nemo
3828 3992 4196 4108 poterit,
4242 3996 4337 4076 ‘tn

1391 4140 1622 4193 muro
1688 4111 1899 4194 horti
1963 4116 2104 4196 ΡΙ).
2166 4115 2246 4195 S.
2307 4110 2582 4193 Maria!
2645 4115 3065 4196 Servorum
3133 4112 3435 4227 depicia
3515 4111 4194 4227 conspiciebatur,
4249 4134 4334 4193 et

1383 4229 1717 4363 an--tiquo
1782 4230 2005 4313 cultu
2063 4260 2106 4310 a
2172 4234 2347 4340 Reg
2356 4227 2560 4310 iensi
2602 4228 2902 4341 populo
2977 4233 3566 4315 venerabatur·
3546 4261 3805 4344 ,quat
3882 4259 4067 4315 cum
4149 4224 4332 4311 effet

1383 4345 1680 4454 injuria
1742 4373 2194 4460 temporum
2261 4347 2455 4429 adeo
2502 4345 3017 4449 deformata,
3062 4376 3147 4433 ut
3213 4350 3623 4461 vestigium
3688 4344 3939 4433 ferme
4020 4345 4337 4430 nullum

1391 4492 1868 4578 appareret·
1931 4465 2258 4597 placuit
2289 4463 2703 4548 Ludovico
2767 4466 3170 4550 Pratiffolo
3229 4468 3595 4581 Regiensi
3656 4466 3857 4551 civi
3879 4465 3993 4550 ad
4039 4461 4341 4548 conser-

1380 4582 1726 4664 vandam
1793 4611 1974 4695 erga
2064 4582 2454 4695 virginem
2541 4568 3054 4668 devotionem
3150 4614 3327 4669 eam
3394 4598 3773 4670 renovare
3836 4613 4052 4670 anno
4111 4586 4336 4664 MD-

1376 4704 1755 4796 LXXIII.
1729 4701 2080 4814 „operis
2121 4702 2953 4835 curaJoanniBlanco
3020 4702 3300 4787 Pistori
3365 4704 3555 4790 alias
3618 4710 3953 4787 Ber-tone
4004 4700 4334 4784 deman-

1377 4818 1604 4902 data.
1667 4823 1742 4901 Is
1805 4817 2051 4904 veteri
2119 4819 2491 4930 imaginis
2550 4817 2803 4904 forma
2872 4821 3417 4934 praetermiffa,
3474 4852 3688 4906 novo
3746 4821 4079 4904 inventu
4139 4816 4339 4902 Dei-

1375 4961 1647 5048 param
1714 4932 2108 5022 sedentem
2172 4936 2579 5052 expressit,
2604 4936 2889 5045 junfflis
2949 4941 3367 5036 manibus
3398 4969 3472 5024 et
3540 4940 3621 5022 in
3682 4939 3864 5022 ιιξῖιι
3905 4934 4332 5052 puerulum

1368 5050 1635 5164 Jesum
1697 5055 2105 5162 adorandi,
2141 5052 2361 5171 super
2422 5056 2850 5182 pulvillum
2912 5057 3208 5173 pariter
3269 5043 3733 5188 insidentem
3760 5055 4108 5188 ,apertis
4158 5057 4335 5141 bra·

2097 5222 2100 5226 ⁴
3956 5173 4217 5279 chiis,
