4554 6345
1455 609 1585 709 14
2189 565 2415 677 DE
2562 532 3384 680 MoNETts

1304 799 1467 882 chae
1532 792 2107 914 reportaverint
2168 853 2195 895 ,
2240 791 2551 891 ,nostros
2612 764 2884 878 tamen
2970 819 3070 875 ex
3134 754 3449 881 Caesaris
3509 760 3845 889 imberbi
3909 784 4106 876 facie
4173 752 4262 873 in

1297 916 1395 1001 iis
1455 913 1834 1029 insculpta
1899 913 2031 998 sub
2097 900 2494 1001 Friderico
2559 916 2663 997 ΙΙ.
2725 910 3168 1024 obfignatos
3226 900 3614 997 facimus.
3697 904 4093 996 Caeterum
4166 933 4260 994 ut

1296 1031 1455 1117 fere
1523 1033 1820 1147 semper
1884 1032 2304 1115 bominum
2373 1061 2489 1115 res
2553 1029 2923 1113 flustuare
2992 1014 3402 1127 videntur·
3380 1030 3959 1151 ,Bergomates
4022 1027 4262 1111 liber·-

1301 1180 1461 1238 tate
1528 1150 1853 1253 amissa,
1914 1149 1990 1233 in
2057 1148 2642 1234 Turrianorum
2710 1147 3174 1261 potestatem
3238 1146 3622 1231 devenere
3688 1174 3902 1230 anno
3961 1149 4262 1231 MCC·

1296 1272 1626 1369 LXIV
1605 1335 1630 1378 ,
1692 1268 1947 1385 postea
2011 1265 2639 1352 vicecomitibus
2705 1276 3055 1381 paruere,
3117 1266 3363 1355 donec
3427 1256 3931 1399 pandulphus
4001 1262 4265 1347 Mala·

1280 1376 1483 1472 ‘testa
1544 1386 1678 1471 suo
1779 1378 2057 1470 urbem'
2121 1384 2443 1497 subjecit
2524 1382 2926 1499 imperio,
2985 1383 3218 1499 quod
3281 1383 3620 1508 contigit
3711 1380 4259 1471 MCCCCXI.

1290 1494 1759 1617 Pandulpho
1824 1498 2193 1588 oflavum
2263 1505 2424 1619 post
2461 1531 2760 1615 annum
2827 1531 2872 1585 3
2940 1500 3306 1635 Philippo
3338 1496 3597 1585 Maria
3686 1528 3874 1587 tunc
3945 1498 4266 1585 Medio·

1294 1620 1461 1707 lani
1523 1627 1749 1708 Duce
1814 1614 2241 1707 exturbato
2299 1682 2324 1726 ,
2383 1622 2480 1706 ad
2545 1618 3083 1706 Vicecomite's
3147 1623 3326 1704 urbs
3386 1610 3677 1704 iteruin
3749 1616 4038 1704 rediit.
4100 1624 4267 1701 Ve-

1293 1771 1472 1824 rum
1536 1762 1721 1826 cum
1784 1739 1847 1826 is
1908 1739 1989 1823 in
2058 1734 2406 1826 Venetos
2473 1737 2949 1824 Florentinis
3010 1724 3495 1828 consociatos
3554 1767 3776 1822 arma
3841 1732 4255 1839 intulisset,

1284 1861 1361 1941 δε
1425 1858 1587 1970 ejus
1649 1858 1885 1972 copiae
1973 1859 2165 1977 post
2197 1858 2455 1948 varios
2565 1855 2751 1941 belli
2839 1884 3168 1943 eventus
3246 1853 3557 1940 fuiffent
3652 1858 3856 1989 apud
3929 1853 4251 1939 Maelo·

1282 1978 1504 2087 vium
1571 1972 1950 2091 oppidum
2024 1978 2521 2091 profligatae3
2582 1975 2742 2060 ub1
2780 1974 2874 2058 de
2940 1976 3130 2087 pace
3223 2002 3666 2086 ageretur,
3730 1975 3808 2057 in
3875 1994 3966 2057 ea
4029 1999 4245 2093 anno

1285 2100 2070 2181 MCCCCXXVIII.
2150 2122 2636 2181 conventum
2677 2153 2703 2199 ,
2783 2121 2871 2178 ut
2934 2044 3422 2205 Bergomum
3487 2090 3992 2211 Reipublicae
4053 2084 4248 2202 juris

1283 2213 1510 2297 effet.
1572 2204 1817 2297 Anno
1880 2213 2064 2296 vero
2129 2220 2455 2299 MDIX.
2516 2242 2700 2297 cum
2765 2211 3178 2315 Pontifex,
3243 2209 3526 2306 Caesar,
3581 2212 3702 2294 8<
3722 2202 4003 2297 Gallus
4062 2239 4248 2296 con·

1284 2320 1553 2415 sociati
1619 2329 1697 2413 in
1764 2318 2381 2443 Rempublicam
2443 2360 2666 2417 arma
2727 2327 3231 2437 intulifl'ent,
3283 2329 3385 2412 ·ad
3451 2328 3988 2442 Caravagium
4061 2333 4240 2442 XV.

1281 2447 1472 2532 Kal.
1535 2447 1748 2551 Junii
1825 2448 2108 2561 insigni
2170 2455 2671 2536 Venetorum
2757 2445 2973 2531 clade
3059 2473 3574 2565 pugnatum3
3633 2476 3795 2567 quo
3881 2472 4246 2560 tempore

1279 2568 1815 2679 Bergomum,
1872 2568 2191 2672 Brixia,
2230 2596 2675 2683 caeteraeque
2739 2552 3222 2679 Reipublicae
3286 2566 3679 2651 terrestres
3717 2566 3996 2670 urbes,
4043 2571 4246 2649 Tar-

1278 2684 1472 2767 vifio
1532 2683 1918 2819 dempto,
1979 2683 2060 2769 in
2128 2686 2729 2770 Foederatorum
2795 2683 3270 2818 potestatem
3326 2664 3766 2801 devenere.
3830 2691 3943 2768 At
3983 2689 4243 2769 Vene-

1283 2798 1389 2910 ti,
1447 2801 1757 2891 summa
1846 2800 1930 2886 in
1994 2801 2539 2917 recuperandis
2601 2802 2886 2887 amissis
2949 2801 3269 2886 urbibus
3330 2788 3513 2888 cura
3578 2786 4003 2905 adhibita,
4064 2805 4242 2891 Ber·

1275 2936 1520 3032 gom'o
1581 2925 1946 3004 MDXV.
2007 2921 2243 3036 potiti
2310 2921 2560 3026 sunt,
2623 2919 2756 3006 sub
2817 2918 3101 3034 quibus
3159 2919 3257 3005 ad
3324 2921 3487 3004 haec
3572 2919 3808 3035 usque
3876 2904 4237 3034 tempora

1276 3035 1602 3153 optimis
1663 3038 2177 3127 constitutum
2240 3037 2545 3155 legibus
2604 3035 2941 3126 feliciter
3002 3034 3529 3154 conquiescit.

2164 3257 3345 3370 BONONIAE.

1276 3394 1705 3609 DUos
1768 3537 2084 3600 tantum
2147 3511 2314 3602 hic
2338 3513 2701 3602 dabimus
2757 3543 3178 3629 argenteos
3237 3517 3612 3604 nummos
3664 3513 4017 3632 (caeteris
4058 3547 4244 3633 prae·

1270 3627 1632 3714 termiffis
1691 3629 1771 3713 in
1838 3631 2110 3719 nostris
2174 3631 2467 3719 scriniis
2527 3630 3232 3746 delitescentibus)
3314 3634 3652 3722 Hentici
3726 3636 4237 3750 lmperatoris

1268 3746 1594 3830 nomine
1655 3745 2126 3862 inscriptos,
2210 3782 2258 3838 a
2320 3782 2479 3865 quo
2540 3750 3064 3839 Bononienses
3127 3754 3595 3868 potestatem
3661 3754 3996 3869 cudendi
4064 3785 4236 3840 mo·

1150 3867 1212 3946 Ι.
1277 3890 1496 3948 netas
1559 3894 2057 3978 reportarunt
2118 3898 2331 3954 anno
2394 3875 2787 3956 MCXCI.
2847 3878 2940 3957 In
3006 3871 3324 3988 fingulis
3384 3901 3482 3957 ex
3545 3903 3701 3958 una
3767 3900 3984 3986 parte
4051 3872 4241 3987 legi·

1271 4008 1397 4065 tur
1436 3988 2040 4088 ΒΟΝΟΝΙΑ,
2101 3987 2393 4072 ultima
2457 3987 2686 4074 litera
2747 3988 2830 4073 in
2898 3989 3163 4075 medio
3222 3989 3666 4099 collocata3
3724 4020 3822 4077 ex
3883 3991 4240 4096 alterain

1085 4103 1193 4183 11.
1258 4098 1557 4183 circulo
1652 4104 2142 4190 ENRICVS
2197 4165 2224 4210 ,
2286 4106 2368 4189 in
2429 4134 2611 4191 area
2691 4111 2755 4192 Ι.
2813 4113 2897 4193 P.
2958 4113 3060 4193 R.
3117 4114 3224 4194 T.
3285 4112 3764 4227 Imperator,
3823 4107 4073 4196 literis
4131 4105 4219 4196 in

1249 4213 1593 4301 formam
1660 4219 1935 4306 Crucis
1994 4221 2423 4357 dispositis.

1431 4341 1878 4449 Argenteus
1941 4341 2217 4426 tertius
2279 4339 2609 4427 ostendit
2670 4341 2934 4428 Sanai
2997 4340 3344 4429 Petronii
3406 4345 3780 4432 Bononiae
3821 4341 4222 4462 Episcopi,

1038 4455 1188 4536 ΙΙΙ.
1248 4482 1338 4538 ac
1399 4455 1870 4543 Proteffioris
1932 4456 2263 4545 sedentis
2325 4457 2812 4575 imaginem,
2868 4463 3190 4548 dextera
3254 4461 3465 4550 urbis
3529 4491 3860 4580 typum3
3924 4466 4213 4551 sinistra

1249 4572 1716 4687 pastoralem
1781 4575 2093 4689 virgam
2190 4574 2626 4664 sustinentis
2667 4640 2694 4685 ,
2754 4609 2935 4666 cum
3032 4579 3195 4691 ejus
3255 4581 3581 4668 nomine
3665 4584 3747 4669 in
3811 4583 4215 4670 circuitu.

1248 4695 1340 4775 In
1409 4691 1806 4805 posteriori
1876 4693 2191 4780 nummi
2251 4693 2448 4782 facie
2510 4696 2864 4802 depissus
2923 4726 3249 4814 apparet
3312 4698 3437 4784 leo
3498 4700 3773 4787 saliens
3815 4687 4205 4803 vexillum

1244 4806 1611 4895 sustinens
1669 4870 1693 4915 ‚
1774 4811 1871 4896 ad
1936 4812 2155 4923 cujus
2234 4813 2693 4927 posteriores
2790 4815 3021 4929 pedes
3081 4815 3502 4931 antiquum
3597 4799 4202 4906 Bentivolorum

1238 4925 1567 5011 stemma
1666 4927 2076 5042 inspicitur
2123 4988 2152 5039 ,
2210 4960 2393 5017 cum
2458 4933 2609 5019 hoc
2689 4930 3074 5022 lemmate
3167 4934 3254 5020 in
3319 4937 3675 5053 margine
3773 4945 4200 5026 MATER

1234 5048 1972 5132 STVDIORVM.

1413 5166 1512 5245 In
1571 5162 1837 5250 antica
1898 5162 2164 5280 quarti
2220 5165 2580 5283 argentei
2637 5169 2956 5259 nummi
3020 5198 3242 5289 parte
3303 5165 3896 5292 repraesentatur
3951 5184 4196 5291 Joan-

3948 5297 4074 5402 nis
4114 5371 4126 5381 .
