4554 6345
1435 500 1573 641 48
2202 492 2433 608 DE
2576 492 3420 609 MoNEns

1082 736 1227 820 IX.
1291 750 1616 845 pentem
1676 716 2275 809 vicecomitum
2340 724 2705 809 Stemma
2764 749 2949 809 cum
3014 719 3219 811 hisce
3305 718 3875 838 circumpositis
3936 721 4266 815 vocibus

1292 848 1712 932 FILIPVS
1752 845 2180 929 MARIA:
2242 846 2325 929 A
2387 866 2616 955 tergo
2674 845 3184 949 Crucem‚et
3243 840 3723 959 epigraphen
3793 848 4268 932 DVXME-

1467 1086 1563 1166 In
1627 1078 1923 1166 circulo
1984 1076 2279 1165 decimi
2403 1107 2502 1167 ex
2564 1077 2846 1166 eodem
2912 1074 3246 1165 metallo
3307 1076 3703 1196 compaffi
3767 1076 4062 1193 legitur
4118 1086 4259 1168 FI-

1130 1204 1601 1291 x.·L1PVS
1675 1203 2049 1293 MARIA
2115 1257 2143 1302 ,
2203 1224 2284 1282 et
2347 1196 2432 1284 in
2496 1196 2762 1284 medio
2846 1204 3067 1284 Dux.
3169 1196 3460 1283 Postica
3523 1198 3939 1314 insignitur
3999 1204 4259 1287 Cruce

1284 1347 1476 1409 cum
1540 1316 1923 1403 lemmate
1991 1320 2652 1417 MEDIOLANI
2721 1322 3015 1402 DVX.
3073 1321 3380 1429 Joanne
3448 1316 3716 1405 Maria
3776 1316 3982 1431 turpi
4052 1347 4262 1404 mor·

1282 1463 1363 1523 te
1429 1434 1736 1521 sublato
1780 1494 1807 1540 ,
1869 1432 2117 1520 totius
2205 1433 2823 1520 Mediolanenlis
2919 1433 3234 1549 imperii
3334 1432 3567 1520 fasces
3629 1434 3726 1520 ad
3792 1434 4255 1551 Philippum

1282 1553 1641 1641 Mariam
1708 1553 2150 1640 translatae.
2212 1558 2291 1639 Is
2353 1552 2879 1639 Carmaniolae
2942 1552 3020 1636 in
3086 1550 3330 1638 armis
3389 1551 3886 1640 celeberrimi
3951 1555 4252 1640 virtute

1280 1670 1638 1761 Ditionis
1700 1670 2071 1769 urbibus,
2113 1701 2286 1786 quae
2348 1670 2431 1755 in
2498 1669 2666 1756 vira
2719 1668 2979 1756 fratris
3040 1670 3120 1756 in
3186 1677 3763 1782 Tyrannorurn
3823 1671 4251 1758 arbitrium

1276 1791 1814 1893 devenerant,
1876 1787 2350 1904 recuperatis
2407 1848 2434 1894 ,
2473 1818 2675 1885 ,cum
2737 1788 3089 1904 quinque
3153 1815 3235 1875 et
3298 1789 3629 1905 triginta
3691 1819 3939 1875 annos
4003 1786 4251 1873 subdi-

1281 1937 1404 1997 tos
1469 1907 2013 2023 gubernasset,
2074 1908 2342 1993 Idibus
2403 1907 2740 2020 Augusti
2806 1912 3546 1994 MCCCCXLVII.
3624 1937 3668 1993 e
3734 1906 3936 1991 vivis
3998 1903 4251 1995 excess

1272 2028 1366 2115 fit
1406 2087 1433 2133 ,
1495 2055 1576 2113 et
1638 2029 1719 2112 in
1761 2027 1927 2136 ejus
1991 2054 2250 2113 morte
2317 2053 2486 2112 tota
2550 2028 2712 2112 haec
2774 2024 3375 2112 vicecomitum
3438 2022 3744 2113 familia
3807 2024 4249 2138 expiravit.

1314 2208 1317 2213 -
1456 2146 1953 2233 Undecimus
2015 2175 2251 2231 aereus
2312 2166 2650 2260 argento
2713 2142 3014 2228 mixtus
3073 2174 3454 2231 nummus
3509 2141 4000 2230 exbibet.in
4068 2168 4252 2231 area

1274 2263 1890 2351 Mediolanenlis
1952 2263 2230 2378 Populi
2320 2262 2626 2375 Insigne
2712 2259 3309 2348 hisce.vocibus
3385 2259 3998 2377 circumseptum
4063 2265 4250 2379 (1οῂ

1273 2386 1805 2469 MVNITAS
1873 2385 2587 2469 MEDIOLANI.
2655 2384 2748 2464 In
2789 2378 3054 2466 aversa
3117 2378 3314 2466 facie
3378 2378 3731 2466 medium
3798 2405 4017 2464 tenet
4047 2383 4246 2475 San-

1267 2498 1376 2586 &i
1441 2498 1840 2588 Ambrosii
1902 2499 2175 2614 imago
2236 2499 2556 2584 dextera
2618 2498 3384 2611 flagellum,{intstra
3450 2496 3738 2615 pedum
3779 2490 4244 2611 sustinentisj

1063 2626 1207 2712 XI.
1268 2618 1517 2705 literis
1577 2619 1663 2705 in
1728 2646 2018 2731 gyrum
2087 2615 2350 2734 positis
2408 2619 2488 2703 S.
2551 2621 3194 2702 AMBROSIVS
3260 2621 3984 2703 MEDIOLANI.
4044 2619 4240 2711 Sub—

1265 2738 1437 2825 lato
1496 2738 1654 2823 fine
1718 2736 2081 2851 legitima
2142 2734 2366 2870 prole
2436 2733 2857 2850 Philippo,
2909 2732 3541 2822 Mediolanenses
3600 2732 3709 2819 sui
3774 2730 3961 2844 juris
4019 2730 4235 2841 saffi,

1260 2859 1369 2944 ob
1438 2856 1733 2944 multas
1794 2853 2203 2970 superioris
2266 2852 2647 2969 temporis
2708 2881 2981 2960 noxas,
3020 2883 3363 2969 quarum
3425 2849 3816 2939 memoria
3881 2849 4240 2965 vigebat,

1258 2976 1543 3075 aversis
1602 3003 1649 3061 a
1713 2974 2069 3061 Ducibus
2128 2970 2421 3058 animis
2480 3031 2507 3077 ,
2564 2971 2998 3086 antiquam¹
3082 2972 3536 3059 libertatem
3604 2970 3940 3056 tutaturi
4027 2968 4231 3075 rati,

1263 3122 1569 3188 novum
1634 3120 1735 3179 ex
1801 3089 1870 3177 se
1934 3090 2006 3177 se
2066 3089 2617 3205 magistratum
2679 3091 3294 3196 constituerunt,
3353 3117 3435 3176 et
3496 3087 4019 3175 mercenarios
4081 3088 4230 3174 mi·

1259 3211 1441 3298 lites
1502 3212 1600 3297 ad
1660 3209 1985 3296 illorum
2053 3210 2544 3296 refistendum
2609 3209 3068 3324 armis,qui
3129 3207 3496 3296 Insubriae
3562 3207 4042 3318 Principatui
4105 3205 4226 3293 in·

1260 3329 1592 3437 hiabant
1633 3389 1661 3434 ,
1719 3328 2267 3414 conduxerunt
2315 3385 2339 3411 .
2421 3334 2536 3413 At
2597 3326 2799 3415 irriti
2865 3355 3143 3412 eorum
3206 3351 3537 3414 conatus
3595 3324 3942 3410 cecidere
3976 3353 4004 3432 3
4065 3350 4229 3412 ete·

1259 3446 1431 3532 nim
1502 3446 1685 3561 post
1723 3447 1916 3533 duos
1977 3443 2369 3531 libertatis
2430 3474 2679 3531 annos
2761 3443 3087 3532 alterius
3149 3442 3531 3557 Principis
3621 3440 3897 3554 jugum
3964 3441 4222 3532 subire

1253 3562 1509 3650 adaffl
1572 3562 1800 3650 sunt.
1861 3562 2304 3675 Interregni
2371 3562 2635 3677 itaque
2698 3589 3058 3678 tempore
3127 3591 3502 3648 nummus
3559 3558 4055 3676 percutitur.

1431 3688 1527 3768 In
1594 3681 1858 3768 medio
1918 3679 2368 3766 duodecimi
2432 3710 2531 3766 ex
2583 3681 2873 3772 ‚eodem
2940 3681 3277 3767 metallo
3337 3677 3657 3766 conflati
3722 3677 4039 3764 nummi
4099 3708 4213 3766 re·

1007 3806 1193 3893 XII.
1252 3800 1756 3919 praesentatur
1820 3797 2300 3918 tesserarium
2368 3797 2669 3884 scutum
2735 3828 2922 3886 cum
2989 3798 3191 3884 hisce
3257 3796 3516 3884 verbis
3550 3797 3627 3881 in
3672 3795 3973 3884 circulo
4033 3827 4211 3883 exa·

1247 3919 1439 4006 ratis
1501 3923 2194 4006 FRANCISCVS
2257 3922 2751 4004 SFORTIA
2813 3922 3398 4004 VICECOmes
3434 3977 3456 4003 .
3563 3915 3918 4003 Alterius
3977 3913 4207 4003 faciei

1246 4067 1427 4125 area
1508 4035 1922 4151 insignitur
1984 4042 2238 4122 Cruce
2281 4095 2308 4141 ,
2387 4033 2594 4120 circa
2652 4064 2897 4150 quam
2982 4038 3097 4120 hae
3161 4064 3391 4121 voces
3484 4042 3723 4121 DVX
3791 4039 4206 4122 MEDIO-

1243 4162 1521 4256 LANJ
1587 4160 2054 4269 PaPII-:Que
2115 4160 2421 4240 comes
2473 4158 2690 4250 ΞΕ..
2732 4154 3176 4240 Franciscus
3236 4152 3527 4240 Sfortia
3595 4155 3883 4241 militia
3926 4155 4218 4264 clarus,

1241 4276 1383 4391 qui
1447 4275 1613 4384 jure
1674 4272 2039 4360 Blanchae
2106 4271 2386 4357 Mariae
2449 4271 2793 4389 Philippi
2859 4302 2961 4358 ex
3027 4272 3304 4387 pellice
3370 4272 3543 4359 filiae
3605 4274 3743 4357 fibi
3797 4275 4210 4360 matrimo-

1241 4393 1381 4480 nio
1442 4391 1721 4502 junfilae
1782 4392 1879 4476 ad
1940 4391 2206 4477 Soceri
2266 4391 2697 4502 imperium
2759 4387 3147 4506 aspirabat
3191 4448 3221 4495 ,
3296 4391 3621 4503 cognita
3687 4395 3934 4477 Ducis
3997 4420 4206 4477 mor·

1246 4530 1391 4614 te,
1451 4509 1969 4621 Cottignola,
2029 4507 2162 4594 ubi
2228 4508 2732 4612 versabatur,
2793 4509 3174 4594 excedens
3259 4509 3538 4595 multis
3619 4510 3980 4624 equitum
4029 4570 4056 4612 ,
4113 4540 4207 4598 ac

1244 4627 1603 4747 peditum
1669 4627 2035 4713 subnixus
2093 4626 2340 4742 copiis
2400 4626 2650 4713 citato
2709 4625 2991 4712 itinere
3075 4627 3153 4712 in
3224 4626 3658 4713 insubriam
3721 4629 4132 4715 contendit
4168 4688 4199 4736 ,

1247 4746 1664 4864 primoque
1740 4744 2055 4859 impetu
2115 4744 2446 4830 Civium
2546 4743 2910 4830 consensu
2970 4744 3357 4831 Ticinum
3440 4746 3524 4830 in
3589 4744 3800 4832 suam
3889 4748 4192 4863 redegit

1245 4865 1713 4981 potestatem
1780 4922 1802 4945 .
1889 4862 2116 4948 Bello
2176 4863 2356 4948 dein
2423 4893 2606 4949 cum
2672 4862 3003 4950 Venetis
3066 4893 3208 4978 pro
3270 4865 3794 4951 vicecomitis
3853 4866 4188 4953 Ditione

1238 4982 1831 5068 decertantibus
1890 4978 2224 5066 feliciter
2284 4980 2382 5066 ad
2446 4983 2983 5094 Caravagium
3049 4979 3329 5094 gesto‘‚
3385 4983 3934 5100 occupatisque
3996 5013 4191 5072 non·

1234 5097 1476 5186 nullis
1537 5105 1894 5186 Ducatus
1958 5099 2277 5186 urbibus
2311 5125 2339 5208 3
2399 5100 2499 5187 ad
2559 5098 3326 5190 circumvallandum
3410 5102 3970 5193 Mediolanum
4032 5131 4207 5218 gra-

3998 5250 4086 5308 νι
