4554 6345
1409 439 1548 552 26
1991 426 2268 542 DE
2404 428 3496 548 MONETIS

1260 660 1589 752 berrimi
1649 668 1907 751 Poetae
1970 653 2408 753 Mantuani
2466 653 2617 745 effe
2675 684 2856 744 reor
2889 715 2918 741 .
3008 652 3150 745 Est
3204 656 3376 743 haee
3429 654 3699 744 laurea
3758 677 4049 743 corona
4112 656 4287 740 rea·

1276 783 1562 872 dirnita
1622 811 1761 868 ore
1820 780 1919 868 ad
1959 779 2193 866 instar
2253 773 2654 866 cantantis
2702 772 3178 893 aperto,uti
3235 803 3335 862 ea
3391 773 3859 893 tempestate
3916 802 3967 859 a
4004 778 4257 859 Man-

1278 929 1529 992 tuano
1597 898 1895 1019 populo
1972 897 2056 985 in
2120 893 2272 986 suis
2348 893 2698 983 monetis
2772 892 3368 1010 exprimebatur
3418 951 3446 978 .
3537 890 3959 1006 Conjicere
4041 918 4256 1008 ergo

1277 1019 1673 1141 poffumus
1730 1016 2289 1134 Pandulphum
2374 1013 2463 1103 iu
2521 1014 2765 1100 hocce
2825 1040 3169 1101 nummo
3225 1008 3666 1128 Virgilium
3751 1007 4079 1128 pinxiffe
4140 1009 4292 1097 ad‘

1276 1136 1827 1229 redimendam
1887 1134 2264 1248 injuriam
2324 1162 2373 1221 a
2415 1130 2722 1221 Carolo
2771 1129 2944 1242 ejus
3001 1125 3246 1217 fratre
3303 1128 3662 1217 Arimini
3686 1129 4010 1245 Regulo
4068 1154 4259 1216 tau·

1280 1284 1371 1346 to
1429 1256 1626 1344 Vati
1690 1253 2071 1344 inlatam.
2128 1256 2214 1340 Ia
2265 1249 2487 1338 enim
2546 1280 2595 1337 a
2657 1246 3072 1337 Francisco
3131 1251 3497 1336 Mantua
3530 1246 3859 1336 Vicario
3917 1246 4257 1361 Joannis

1281 1372 1678 1465 Francisci
1740 1372 1881 1459 filii
1904 1378 2174 1460 Tutor
2234 1369 2706 1457 testamento
2764 1366 3205 1481 delignatus
3261 1395 3450 1454 cum
3511 1365 3924 1454 Poeticam
3984 1393 4258 1454 artem

1284 1493 1765 1599 calleret,et
1828 1488 1904 1578 se
1962 1484 2403 1604 Virgilium
2460 1514 2773 1603 aequare
2834 1514 2998 1573 non
3057 1482 3263 1601 poffe
3322 1482 3994 1574 animadverteret
4026 1513 4055 1597 ;
4088 1511 4267 1570 tan-

1288 1640 1375 1702 ta
1436 1608 1590 1699 fuit
1650 1605 1932 1703 livoris
1985 1604 2125 1715 vi,
2173 1604 2446 1693 amiffa
2506 1604 2814 1692 ratione
2853 1664 2882 1712 ‚
2940 1627 3397 1690 commotus
3453 1664 3486 1711 ,
3571 1629 3661 1691 ut
3718 1604 3821 1690 ad
3880 1630 4267 1692 evomen-

1288 1733 1487 1819 dum
1545 1725 1879 1817 safiiosae
1961 1723 2254 1813 mentis
2314 1721 2538 1812 virus
2578 1781 2607 1829 ‚
2664 1749 3210 1809 marmoreum
3272 1727 3530 1809 Poeta
3627 1723 4140 1810 simulacrum
4204 1748 4259 1807 a

1292 1848 1633 1939 Civibus
1688 1844 2006 1934 summo
2061 1840 2286 1930 cultu
2346 1866 2814 1929 veneratum
2875 1839 2959 1926 in
3022 1840 3290 1927 lacum
3353 1837 3769 1957 projecerit
3829 1837 4013 1955 (1):
4076 1866 4271 1927 exe·

1284 1966 1676 2059 crandum
1736 1959 1917 2052 sane
1971 1960 2302 2068 facinus,
2357 1989 2519 2047 non
2586 1958 2827 2045 modo
2888 1957 3245 2074 Principe
3307 1956 3781 2076 indignum,
3837 1957 3965 2045 sed
4027 1986 4128 2045 ne
4202 1955 4266 2042 i·

1290 2115 1476 2176 rato
1534 2082 1734 2170 hosti
1793 2105 2287 2195 congruens;
2328 2078 2534 2165 unde
2599 2075 3051 2163 maximum
3112 2076 3498 2184 dedecuS,
3533 2106 3772 2197 atque
3829 2073 4266 2165 infamiam

1302 2231 1545 2313 penes
1598 2198 1958 2309 incolas,
2014 2197 2584 2314 literarumque
2645 2194 2986 2283 cultores
3045 2195 3540 2313 reportavit.
4160 2227 4164 2230 ’

2143 2413 3431 2546 FERRARIAE.

1371 2570 1463 2792 υ
1550 2676 1770 2770 Enio
1822 2679 1924 2768 ad
1984 2677 2513 2771 Ferrariensts
2566 2707 2989 2788 nummos,
3045 2710 3250 2799 quos
3303 2679 3486 2770 aliis
3570 2678 3656 2767 in
3719 2678 3985 2769 Libris
4043 2676 4271 2768 evul-

1302 2800 1840 2919 gavi5verum
1898 2824 2087 2888 cum
2148 2800 2463 2887 vl1.in
2521 2798 2698 2916 ipfis
2760 2800 3167 2890 desiderati
3200 2801 3400 2889 mihi
3462 2798 3992 2908 obvenerint,
4031 2798 4265 2888 hosce

1281 2950 1619 3040 quoque
1676 2948 1842 3007 non
1901 2918 2395 3006 omittendos
2447 2946 2762 3035 aequum
2822 2919 3085 3028 duxi,
3141 2948 3235 3013 ⁴ut
3295 2919 3785 3038 quicumque
3881 2914 4275 3030 ejusmodi

1301 3038 1791 3154 cognitionis
1841 3066 2117 3124 amore
2174 3037 2540 3142 ducitur,
2599 3037 3048 3126 uberiorem
3079 3099 3106 3146 ,
3162 3065 3411 3156 atque
3466 3036 4090 3153 completior-em
4160 3036 4279 3148 ip·

1184 3163 1252 3249 1.
1310 3158 1573 3246 sorum
1634 3157 1910 3245 seriem
1972 3158 2263 3244 lubere
2326 3154 2590 3273 poffit.
2639 3161 2963 3245 Horum
3023 3187 3218 3274 ergo
3272 3153 3698 3272 argenteus
3755 3156 4062 3274 primus
4125 3152 4262 3241 sub

1304 3275 1660 3364 Hercule
1722 3280 1832 3379 L,
1888 3276 2025 3391 qui
2087 3276 2355 3361 Borsto
2413 3272 2635 3360 fratri
2694 3275 2782 3361 in
2845 3275 3292 3392 principatu
3355 3275 3706 3362 successit
3791 3304 4008 3362 anno
4074 3276 4277 3359 Mc-

1296 3393 2341 3504 ·CCCLXXI.,obiignatus
2396 3390 2886 3507 repraesentat
2945 3393 3031 3479 in
3091 3395 3469 3481 anteriori
3529 3391 3794 3480 stonte
3835 3390 4086 3479 Ducis
4141 3419 4279 3478 ca·

1268 3535 1457 3626 put
1518 3537 1701 3593 cum
1764 3508 2304 3597 circumdufiia
2387 3508 2818 3626 epigraphe
2882 3516 3491 3602 HERCVLES
3558 3518 3798 3599 D-vx
3856 3512 4281 3598 FERRA·

1308 3630 1515 3715 RIE
1576 3630 1686 3711 11.
1742 3630 1841 3711 In
1906 3625 2308 3741 posteriori
2370 3628 2690 3714 virilem
2739 3628 3091 3745 *figuram
3152 3659 3369 3746 equo
3444 3625 3921 3717 infidentetu
3979 3625 4270 3742 absque

1313 3743 1478 3836 ulla
1540 3741 2043 3860 inscriptione
2101 3802 2129 3829 .
2220 3747 2616 3834 Hercules
2667 3777 2855 3833 cum
2942 3777 3078 3862 per
3140 3747 3561 3836 biennium
3619 3778 3866 3863 grave
3908 3807 3946 3855 ‚
3997 3750 4075 3832 &
4136 3742 4280 3831 fibi

1306 3862 1754 3953 obnoxium
1822 3862 2122 3948 bellum
2185 3893 2370 3950 cum
2431 3865 2770 3951 Venetis
2826 3863 3275 3973 sustuliffet,
3313 3895 3404 3955 ut
3463 3866 3535 3954 se
3593 3894 3877 3956 contra
3932 3861 4279 3951 hostium

1314 3981 1680 4085 infidias,
1737 3979 2291 4095 subitariasque
2350 3981 2824 4070 incursiones
2913 3986 3173 4100 magis
3230 3982 3642 4102 magifilue
3736 3986 3820 4070 in
3886 3987 4280 4103 posterum

1318 4099 1810 4203 vindicaret,
1867 4102 2313 4185 Ferrariam
2377 4101 2627 4186 trium
2687 4100 3044 4189 'millium
3105 4105 3421 4190 ambitu
3504 4103 4076 4219 amplificatam
4137 4125 4279 4185 no·

1328 4217 1457 4307 vis
1511 4216 1841 4333 lapideis
1899 4218 2143 4304 muris
2205 4216 2780 4323 communivit,
2811 4222 3221 4308 nonnullis
3279 4222 3387 4306 ibi
3453 4251 3624 4308 tam
3684 4222 4021 4311 Civium
4083 4215 4285 4324 usui,

1322 4364 1567 4453 quam
1632 4337 1912 4423 divino
1971 4336 2218 4422 cultui
2284 4337 2661 4424 extruffls
2722 4337 3126 4446 aedificiis,
3180 4341 3389 4425 inter
3447 4371 3634 4454 quae¹
3681 4340 3841 4430 duo
3907 4335 4287 4426 Moniali'·

1327 4485 1470 4552 um
1536 4453 2015 4540 monasteria
2097 4484 2732 4541 commemorare
2794 4456 2983 4542 licet
3035 4517 3069 4561 ‚
3121 4458 3419 4544 SanRae
3480 4461 3934 4545 Catharinae
3993 4464 4287 4545 Senen-

1326 4573 1487 4677 fis,
1538 4599 1654 4775 estfi
1682 4571 2002 4706 illarum
2066 4600 2116 4658 a
2180 4574 2576 4660 Mortaria
2626 4634 2658 4682 ‚
2720 4576 3030 4690 praediis
3085 4603 3231 4692 pro
3287 4577 3603 4663 decenti
3667 4608 3942 4666 earum
4004 4574 4293 4663 alimo-

1331 4720 1465 4779 ma
1528 4722 1571 4778 a
1721 4718 1964 4775 natis.

1511 4720 1967 4934 Arggenteus
2022 4803 2397 4896 secundus
2455 4793 2743 4926 speclat
2800 4807 2901 4896 ad
2961 4808 3462 4934 Alphonsum
3540 4842 3643 4900 ex
3704 4808 4058 4902 Hercule
4118 4809 4291 4916 11.,

2363 4973 2373 4982 ·
3908 4936 4175 5017 &Re-

1334 5100 1793 5138 β...-
2476 5099 2710 5128 “
3390 5106 3825 5136 m—
3835 5100 4286 5134 *q-

1342 5173 1459 5275 (1)
1512 5173 1821 5253 Consule
1869 5177 2325 5276 Equicoiam,
2375 5177 2446 5252 &
2498 5173 2922 5277 Aguenium
2965 5177 3809 5258 remm'Manmanarum
3856 5176 4282 5279 Scriptores·
