4554 6345
1421 600 1559 706 90
2021 564 2030 573 ’
2170 566 2403 682 DE
2540 564 3373 684 MoNarts

1284 788 1658 926 gerebat,
1686 793 2342 924 Tunetumque,
2395 815 2478 879 et
2538 789 2922 881 Guletam
2985 786 3096 879 sui
3156 790 3352 903 iuris
3402 788 3766 928 fecerat,
3821 787 4250 904 delatum;

1284 906 1710 1025 propinqui
1770 906 1934 1015 sui,
1962 935 2043 995 et
2068 909 2419 996 Romani
2460 910 2788 1025 Imperii
2852 909 3247 997 clientis
3225 909 3605 1023 injuriam
3646 912 4247 1013 ulturus,exer·

1282 1028 1453 1113 citu
1513 1026 1947 1141 Neapolim
2013 1086 2049 1132 ,
2097 1026 2287 1114 inde
2345 1034 2700 1113 Romam
2793 1029 3209 1144 deportato
3270 1088 3306 1134 ,
3356 1028 3717 1115 Galliam
3777 1028 4047 1115 versus
4101 1057 4247 1143 pet·

1281 1143 1620 1258 Ligures
1675 1144 1929 1229 castra
1986 1143 2414 1251 movit,et
2477 1144 2601 1260 spe
2664 1171 2930 1232 totum
2993 1151 3373 1258 Regnum
3432 1146 3867 1262 occupandi
3928 1145 4247 1232 illestus

1275 1260 1657 1374 Pyreneis
1717 1260 1925 1376 jugis
1983 1261 2343 1378 prospere
2403 1261 2841 1377 superatis,
2925 1293 3018 1349 ac
3078 1261 3386 1348 cunSlis
3475 1265 3740 1350 obviis
3796 1263 4254 1378 populatiS,

1279 1379 1625 1468 Maffilia
1685 1378 1960 1465 frustra
2020 1406 2480 1493 oppugnata
2534 1407 2558 1488 3
2621 1380 2719 1466 ad
2777 1385 3055 1493 Aquas
3110 1381 3426 1467 Sextias
3499 1380 3848 1469 consedit
3894 1439 3924 1464 .
4003 1387 4249 1466 Fran-

1141 1539 1149 1547 ·
1281 1497 1529 1587 ciscus
1581 1496 1888 1583 interea
1946 1495 2152 1581 nihil
2212 1498 2313 1582 ad
2375 1494 2912 1583 retundendos
2967 1497 3491 1611 Imperatoris
3578 1525 3908 1585 conatus
3990 1496 4254 1583 inten-

1283 1641 1549 1704 tatum
1612 1613 2118 1728 relinquens,
2143 1614 2616 1729 opportunis
2669 1613 2755 1699 in
2817 1613 3019 1700 locis
3070 1616 3171 1700 ad
3213 1614 3718 1731 excipiendos
3774 1615 4029 1701 hostes
4067 1645 4251 1748 prae·

1278 1732 1488 1821 fidiis
1542 1730 1922 1845 dispositis
1984 1793 2016 1838 ,
2066 1731 2472 1819 frumenta
2512 1791 2538 1837 ,
2571 1734 2651 1819 8(
2710 1758 3210 1818 commeatus
3265 1761 3555 1820 omnes
3626 1733 3727 1819 ad
3810 1732 4247 1818 remotiora.

1279 1848 1599 1939 munita
1661 1850 1836 1937 loca
1896 1850 2263 1936 devexit:
2329 1847 3011 1984 frumentariisque
3052 1850 3355 1937 incenis
3332 1881 3451 1957 s,
3506 1849 4047 1966 perruptisque
4081 1880 4250 1936 mo·

1282 1968 1433 2072 lis,
1451 1970 1551 2054 ad
1615 1992 1924 2053 tantam
1988 1967 2216 2084 panis
2274 1965 2630 2082 inopiam
2693 1967 3134 2058 Caesareum
3225 1967 3667 2055 exercitum
3757 1969 4098 2074 eduxit,
4158 1994 4249 2053 ut

1285 2030 1591 2173 milites
1646 2086 2252 2171 autumnalibus
2310 2110 2628 2171 tantum
2693 2083 3076 2172 srufilibus
3128 2147 3159 2193 ,
3245 2085 3701 2201 acerbisque
3776 2085 3958 2171 uvis
4041 2029 4248 2171 v’esci

1284 2203 1603 2306 adaffi,
1655 2203 1960 2289 ventris
2014 2203 2279 2288 statim
2344 2200 2740 2317 profluvio
2798 2201 3407 2289 laboraverint·
3381 2270 3412 2314 ,
3469 2234 3635 2339 quo
3693 2206 3979 2290 morbo
4056 2232 4245 2288 cum

1285 2320 1584 2435 viginti
1645 2345 1727 2405 et
1788 2319 2139 2435 amplius
2193 2319 2453 2405 millia
2517 2319 2996 2433 periiffent,
3054 2323 3391 2407 Carolus
3449 2320 3803 2428 veritus,
3849 2350 3948 2406 ne
4012 2320 4251 2406 hostis

1290 2437 1372 2523 in
1439 2464 1883 2550 aegrotum,
1938 2463 2020 2522 et
2084 2466 2286 2553 pene
2348 2437 2797 2523 eonfefflum
2861 2438 3302 2524 exercitum
3364 2438 3847 2551 insurgeret,
3904 2438 4151 2524 citato
4193 2436 4262 2522 i·

1290 2554 1548 2641 tinere
1612 2552 1695 2637 in
1738 2554 2062 2639 Italiam
2128 2553 2599 2640 revertitur.
2662 2555 2788 2640 Ad
2830 2579 3145 2641 tantum
3212 2556 3742 2642 suffocandum
3790 2556 4250 2641 incendium

1290 2666 1618 2807 providi:
1680 2675 2020 2759 accurrit
2086 2674 2406 2759 Paullus
2466 2679 2614 2758 ΙΙΙ.
2679 2699 2870 2759 tunc
2934 2672 3286 2759 summus
3345 2673 3774 2760 Pontifex
3748 2741 3779 2783 ,
3840 2673 4257 2789 quamplu-

1294 2788 1674 2905 rimisque
1742 2791 2099 2897 nunciis,
2156 2822 2248 2877 ac
2312 2788 2604 2876 litteris
2683 2793 2834 2874 huc
2897 2819 3135 2905 atque
3196 2792 3385 2877 illuc
3452 2793 3688 2877 millis
3748 2793 4085 2877 Niceam
4122 2799 4256 2875 Pe·

1295 2906 1688 2995 demontii
1756 2910 2033 2994 urbem
2098 2939 2311 2994 anno
2370 2909 3529 2996 MDXXXVIII.c0·1tendit.
3592 2910 3716 2997 ’.Εὸ
3778 2910 4122 3013 Caesare,
4170 2934 4257 2992 et

1296 3027 1541 3113 Gallo
1603 3026 2211 3131 accedentibus,
2298 3026 2486 3111 licet
2549 3016 3033 3137 colloquium
3099 3027 3309 3112 inter
3368 3025 3765 3141 Principes
3819 3027 4254 3140 impetrare

1294 3162 1474 3231 non
1524 3142 1819 3260 poffet,
1877 3144 2032 3259 ipse
2100 3162 2371 3230 tamen
2436 3174 2618 3228 cum
2681 3142 2795 3228 eis
2854 3143 3269 3259 separatim
3331 3145 3544 3261 egit,
3592 3175 3685 3232 ac
3751 3146 3913 3259 post
3975 3144 4257 3256 longas

1298 3263 1955 3390 disceptationes,
2013 3264 2065 3346 s1
2131 3293 2288 3346 non
2358 3290 2701 3374 pacem,
2761 3259 3173 3366 inducias,
3234 3267 3460 3349 rebus
3537 3263 3677 3349 in
3708 3263 3988 3347 eodem
4055 3265 4255 3348 statu

1300 3379 2016 3512 permanentibuS,
2093 3383 2191 3464 ad
2253 3383 2524 3462 decem
2591 3408 2835 3462 annos
2898 3383 3305 3465 duraturas
3390 3378 3909 3496 impetravit:
3974 3380 4262 3494 quibus

1295 3498 1650 3583 nondum
1717 3495 2009 3581 exac'iis
2071 3496 2202 3610 (1)
2268 3503 2751 3581 Francorum
2820 3505 2992 3583 Rex
3060 3528 3245 3583 cum
3310 3498 3496 3586 satis
3552 3499 4069 3600 concessisset,
4113 3499 4261 3580 im·

1293 3614 1496 3745 perii
1554 3611 1787 3698 fasces
1847 3614 1943 3698 ad
2006 3612 2457 3699 Henricum
2527 3613 2783 3697 filium
2845 3615 3119 3700 delatae
3182 3613 3424 3701 sunt.
3507 3618 3670 3702 Hic
3734 3645 3872 3730 per
3934 3558 4260 3722 vestigia

1296 3728 1543 3846 patris
1602 3731 2066 3834 decurrens,
2123 3731 2206 3816 in
2270 3730 2651 3819 Caesarem
2716 3761 3104 3818 renovato
3166 3732 3446 3838 beno,
3503 3733 3741 3819 variae
3824 3731 3906 3818 in
3970 3734 4263 3818 Sabau·

1297 3848 1535 3932 diensi
1600 3853 1921 3933 Ducatu
1985 3878 2312 3963 pugnae,
2352 3877 2681 3934 nutante
2748 3850 2931 3934 hinc
2992 3851 3174 3935 inde
3237 3850 3604 3957 fortuna,
3632 3850 3997 3938 consertae
4034 3849 4257 3935 sunt:

1293 3965 1640 4077 quibus,
1699 3963 2022 4079 aliisque
2086 3965 2459 4078 angustiis
2521 3964 2809 4078 preffus
2867 3973 3059 4053 Dux
3152 3962 3231 4053 in
3304 3972 3676 4056 morbum
3766 3967 4121 4070 incidit,
4176 3993 4260 4052 et

1291 4088 1528 4167 VIII.
1591 4082 1777 4168 Kal.
1844 4086 2327 4197 Septembris
2421 4090 2825 4169 MDLllI.
2890 4087 3278 4173 Vercellis
3337 4089 3603 4173 vivere
3665 4087 3932 4173 desiit.
3982 4092 4259 4171 Hunc

1293 4199 1697 4286 Emanuel
1760 4202 2243 4288 Philibertus
2304 4201 2506 4286 filius
2568 4202 2870 4288 bellicis
2932 4208 3163 4292 rebus
3219 4205 3472 4291 clarus
3533 4187 3927 4339 excepit,
3960 4205 4099 4318 qui
4161 4230 4261 4287 eo

1296 4344 1657 4431 tempore
1719 4319 2048 4404 Caesarei
2111 4319 2500 4404 exercitus
2562 4319 2961 4434 supremus
3024 4330 3214 4407 Dux
3292 4321 3605 4426 factus,
3648 4321 3728 4409 in
3797 4322 4035 4407 Edini
4122 4350 4256 4434 op·

1301 4437 1785 4550 pugnatione
1853 4437 2294 4523 maximam
2359 4436 2498 4519 fibi
2561 4437 2877 4522 laudem
2945 4441 3496 4554 comparavit.
3538 4448 3735 4525 Pace
3770 4441 4087 4526 tandem
4141 4438 4259 4523 in·

1297 4579 1417 4636 ter
1482 4552 2036 4665 belligerantes
2094 4553 2518 4639 conciliata
2580 4583 2791 4640 anno
2859 4563 3294 4665 MDLIX3
3356 4560 3798 4662 Sabaudus,
3860 4558 4252 4643 Eleonora

1295 4670 1630 4759 chrici
1693 4669 1946 4758 sorore
2008 4673 2146 4759 sibi
2208 4671 2704 4788 desponsata,
2723 4675 2821 4760 ad
2882 4674 3104 4762 suum
3130 4675 3673 4798 Principatum
3739 4675 4245 4763 celeberrimo

3932 4800 4138 4904 *No-

1292 5065 1403 5162 (1)
1463 5063 1763 5136 Induciae
1803 5062 2109 5178 ‘perafflae
2191 5068 2388 5138 xlv.
2461 5071 2623 5142 Kal.
2703 5066 3097 5163 QuinRilis
3172 5071 4239 5146 Moxxxv111.1³ranciicus

1382 5163 2219 5339 §Eiigtiifquaginta
2292 5192 2511 5245 annos
2566 5187 2772 5246 natus
2844 5169 3082 5248 vivere
3136 5169 3339 5252 defiit
3412 5174 3643 5276 pridie
3713 5176 3879 5252 Kal.
3956 5170 4241 5276 Aprilis

1293 4986 1984 5015 ---—-—---—
