4554 6345
1185 733 1383 838 ciis
1461 726 1989 837 maximis
2062 749 2935 869 exornaverant,
2981 757 3238 867 quae
3310 734 3864 845 recense-re
3939 766 4160 845 non

1188 878 1333 979 cst
1412 870 1665 1006 sane
1730 869 2053 1002 hujus
2133 869 2407 990 loci,
2485 903 2642 996 ne,
2689 870 3042 975 nimia
3120 875 3349 981 Vos
3409 882 3923 984 oratione
3998 874 4166 981 fa-

1191 1018 1583 1150 tigem.
1663 1014 1985 1119 Nunc
2060 1009 2436 1144 itaque
2511 1007 3276 1117 commissurus
3345 1014 3938 1122 hominum
4001 1017 4172 1149 ju·-

1181 1153 1478 1258 dicio
1551 1152 2020 1266 tertium
2098 1150 2368 1270 hoc,
2442 1149 2743 1284 quod
2805 1148 2953 1257 dc
3029 1151 3450 1259 Italicis
3515 1158 3869 1261 medii
3939 1152 4160 1277 aevi'

1187 1293 1683 1400 Monetis
1746 1288 2261 1395 hastenus
2314 1321 2529 1394 non
2589 1287 3144 1424 evulgatis
3207 1289 3818 1428 susceptum
3851 1282 4160 1427 Opus

1188 1459 1540 1565 nuper
1639 1425 2146 1546 absolvi,
2250 1460 2383 1534 ne
2459 1462 2522 1533 a
2604 1434 2960 1534 veteri
3043 1460 3287 1536 mea
3377 1431 4160 1543 consuetudine

1191 1569 1860 1676 discederem
1914 1641 1946 1684 ‚
2019 1565 2367 1674 oculis
2475 1569 2590 1675 in
2664 1567 3340 1675 Vosstatim
3411 1572 3984 1709 conjcslis,
4053 1593 4165 1678 et

1192 1711 1616 1816 caeteris
1718 1705 2228 1827 omnibus
2336 1706 3142 1846 praetermissis,
3189 1710 3308 1815 in
3405 1742 3884 1848 quorum
3990 1742 4168 1820 mc

1194 1847 1521 1956 facile'
1597 1844 2180 1981 potuissem
2252 1849 2884 1957 clientelam
2956 1850 3497 1985 recipcre,
3556 1855 3906 1958 malui
3969 1885 4166 1957 au-

1196 1988 1536 2124 spicio
1625 1982 2068 2119 vestro,
2163 1991 2470 2126 quod
2564 1985 2851 2094 facio
2945 1990 3518 2112 maximi,
3615 1992 4163 2097 Libellum

1183 2128 1505 2263 hunc
1578 2122 2113 2230 illustrare
2175 2163 2204 2231 ε
2276 2157 2612 2260 quem
2714 2157 3047 2260 porro
3120 2126 3672 2235 Libellum
3748 2130 4164 2235 idcirco

1201 2298 1266 2370 a
1343 2263 1946 2400 legentibus
2020 2265 2378 2399 pluris
2468 2265 2988 2372 habitum
3060 2266 3201 2374 iri
3262 2266 3701 2374 confido
3757 2345 3789 2390 ,
3858 2270 4161 2402 quod

1209 2403 1589 2513 vestris
1676 2405 2304 2513 nominibus
2405 2405 2984 2511 decoratus
3082 2406 3221 2510 ad
3291 2436 3674 2512 eorum
3773 2440 4164 2515 manus

1211 2544 1825 2653 devenerit.
1901 2542 2177 2650 Esset
2254 2545 3072 2676 mihi-quidem
3142 2546 3260 2650 id
3323 2544 3645 2650 valde'
3722 2548 4169 2651 honori-

1210 2678 1708 2801 ficum,fi
1785 2715 2061 2790 unus
2137 2685 2423 2791 mihi
2497 2684 3107 2787 dumtaxat
3176 2714 3317 2786 ex
3388 2682 3734 2790 vestro
3782 2716 4165 2790 nume-

1218 2852 1348 2928 ro
1418 2822 1955 2929 Patronus
2033 2825 2690 2959 obtingeret.-
2762 2850 3021 2926 cum
3099 2822 3356 2926 vcro
3418 2826 3793 2958 possim
3868 2856 4170 2929 com-

1214 2961 1530 3066 muni
1609 2964 2115 3071 omnium
2217 2960 2840 3097 patrocinio
2932 2959 3433 3097 dignari,
3487 2965 3760 3099 quid
3842 2963 4164 3081 mihi,

1219 3098 1641 3236 quaeso,
1691 3104 2032 3238 potest
2138 3102 2627 3237 optatius
2685 3177 2718 3222 ,
2788 3101 3061 3234 quid
3164 3097 3810 3234 jucundius,
3891 3103 4166 3236 quid

1220 3240 2121 3383 honorificentius
2192 3241 2750 3351 accidere?
2825 3239 3397 3345 Nimirum
3469 3237 3848 3378 singuli
3948 3244 4170 3347 illis

1223 3383 1546 3487 rebus
1645 3383 2182 3487 excellitis
2235 3458 2267 3501 ‚
2339 3412 2584 3516 quae
2680 3381 2814 3484 ab
2877 3409 3016 3483 eo
3078 3379 3363 3485 Viro
3467 3412 3680 3485 non
3774 3387 4169 3488 debent

1227 3517 1631 3637 abcffe‚
1689 3520 1994 3654 cujus
2066 3518 2546 3656 auspicio
2617 3519 2994 3655 cupiat
3027 3515 3517 3652 Scriptor
3590 3521 4165 3625 interdum

1223 3656 1637 3792 aliquis
1714 3658 1944 3766 suas
2017 3657 2649 3795 scriptiones
2735 3659 3493 3762 committere.
3617 3658 4170 3765 Videlicet

1225 3797 1750 3905 nobilitas
1823 3802 2300 3938 generis,
2360 3829 2468 3907 ct
2541 3798 2970 3905 summa
3023 3797 4169 3934 quidem,Majorum

1219 3933 1897 4059 facinora,et
1973 3943 2428 4074 quidem
2503 3936 3561 4074 egregia,Vestrum
3624 3967 4172 4073 quemque

1220 4074 1887 4208 jamdudum
1966 4080 2073 4182 in
2154 4079 2511 4183 multa
2589 4078 3480 4185 immortalitatis
3551 4075 3847 4184 fama
3920 4109 4178 4182 con-

1222 4215 1873 4324 stituerunt.
1978 4216 2301 4366 Quod
2379 4216 2637 4324 vero
2711 4212 3336 4322 faciendum
3433 4218 3575 4324 est
3655 4217 4178 4351 plurimi3

1223 4350 1862 4462 Virtutibus
1962 4355 2419 4491 quisque
2529 4356 3081 4474 mirificis,
3180 4360 3743 4494 animique
3851 4388 4177 4496 orna-.-

1217 4497 1634 4600 mentis
1741 4497 2269 4603 ditescit:
2370 4527 2617 4630 quae
2717 4493 2958 4602 sanc‘
3057 4496 3524 4627 pretiosa
3623 4498 4177 4620 virtutum

1217 4634 1854 4741 'vestrarum
1938 4635 2430 4767 supellex
2528 4636 2842 4770 longe‘
2953 4634 3561 4770 admodum
3645 4637 3960 4742 debet
4062 4660 4173 4743 et

1221 4775 1634 4905 generis
1686 4777 2267 4882 -nobilitati
2310 4799 2505 4892 ,ct
2579 4799 3048 4905 acceptae
3123 4806 3186 4877 a
3257 4775 3865 4907 Majoribus
3944 4775 4177 4911 glo-
4249 4815 4278 4860 κ

1220 4911 1418 5014 riae
1498 4913 1897 5020 merito
1969 4915 2204 5047 jure
2275 4908 2850 5018 anteferri.
2927 4911 3185 5017 Huc
3260 4914 3674 5017 accedit
3708 4919 4175 5028 comitas

1184 5045 1415 5156 'illa
1493 5053 1834 5163 vestra
1877 5053 2424 5191 -quaedam
2482 5127 2514 5174 ,
2573 5077 2697 5160 ‘ct
2799 5053 3209 5189 ingenii
3281 5049 3911 5303 saci-litas&
3954 5085 4177 5188 qua

3923 5225 4042 5303 0-
