4554 6345
1007 504 1381 617 NON
1524 502 2682 624 EVULGA-rts.
3057 482 3198 645 1415

368 753 667 815 corona
729 724 1316 844 superimposita
1354 791 1381 835 ,
1441 759 1731 845 nempe
1800 720 2239 843 Franciscus
2324 729 2650 846 Estenfis
2687 791 2709 815 .
2793 729 3130 819 Limbus
3192 729 3338 813 hac

369 873 572 931 voce
634 846 1080 935 inscribitur
1139 851 2062 936 LOMBARDORVM
2120 909 2144 932 .
2221 848 2578 937 Alterius
2663 849 2903 965 partis
2967 848 3326 936 medium
3389 844 3503 929 11.

274 1006 279 1009 2
366 991 706 1194 occulpat
769 964 1070 1081 Aquila
1130 966 1485 1080 expansis
1543 966 1690 1055 alis
1750 997 1932 1055 cum
2001 969 2429 1085 epigraphe
2493 961 3110 1056 NOBILITAS‘
3183 969 3341 1052 ES-

364 1086 543 1166 Ten
581 1114 641 1165 ts
669 1143 692 1166 .
2470 1146 2474 1151 «

548 1206 642 1284 In
708 1198 949 1288 tertio
1009 1231 1110 1288 ex
1170 1198 1457 1289 infimo
1515 1228 1848 1319 argento
1910 1202 2329 1319 compac'to
2391 1204 2979 1317 repraesentatur
3040 1198 3338 1286 Princi-

367 1315 488 1429 pis
549 1344 790 1433 caput
850 1319 1020 1428 ejus
1080 1320 1408 1406 nomine
1471 1321 2166 1409 circumvallatum
2224 1382 2245 1405 .
2306 1327 2385 1407 A
2450 1350 2678 1435 tergo
2741 1323 3015 1407 visitur
3074 1319 3327 1433 genti·
3388 1319 3539 1403 III.

359 1433 631 1521 litium
696 1434 999 1524 scutum
1066 1467 1251 1523 cum
1318 1437 1709 1525 lemmate
1777 1440 2591 1526 MARchioMASSE
2657 1443 3338 1526 LOMBARDO·

356 1556 610 1637 Ram.
672 1560 797 1640 De
860 1555 1093 1665 hujus
1152 1555 1537 1673 Principis
1572 1558 1826 1671 ,gestis
1885 1553 2232 1669 aubin>
2269 1556 2446 1643 satis
2507 1559 2861 1673 egimus.
2920 1562 3105 1641 Hoc
3142 1586 3336 1671 quo·

359 1699 511 1783 que
578 1671 870 1786 placuit
934 1672 1436 1759 addendum:
1537 1676 2056 1790 Privilegium
2123 1676 2456 1762 cudendi
2544 1707 2642 1761 ex
2709 1675 2933 1760 omni
3000 1674 3334 1760 metallo

356 1793 738 1911 Monetas
816 1821 862 1876 a
929 1791 1429 1878 ferdinando
1508 1798 1615 1878 11.
1680 1800 2173 1907 Imperatore
2266 1799 2499 1877 VIII.
2599 1795 2783 1878 Kal.
2846 1794 3331 1879 Novembris

356 1912 843 1993 MDLXIV.
908 1908 1409 2003 Franciscum
1473 1909 1914 2024 impetraffe
1977 1971 2004 2016 ,
2062 1911 2498 2023 eodemque
2565 1938 2920 2026 tempore
2985 1909 3325 1996 Mafl‘am

355 2026 992 2230 {embadorum
1060 2025 1274 2118 fuiffe
1339 2028 1947 2116 Marchionatus
2010 2028 2250 2115 titulo
2287 2032 2388 2114 ab
2433 2028 2770 2144 ipsomet
2818 2026 3114 2115 Caesare
3150 2058 3332 2115 con·

413 2170 807 2232 ecoratam
857 2204 883 2232 .

1084 2366 2598 2478 MEDIOLANI.

352 2504 678 2729 AD
744 2627 1420 2731 Mediolanenses,
1479 2625 2073 2743 alphabeticum
2135 2625 2495 2713 ordinem
2559 2625 3360 2745 sequente3,perve··

351 2744 616 2831 nimus
679 2776 1066 2832 nummos
1115 2807 1142 2851 ,
1200 2745 1480 2861 eosque
1549 2773 2007 2862 temporum
2106 2746 2413 2831 ratione
2509 2775 3048 2861 exponemus.
3146 2753 3320 2834 Ho-
3373 2783 3378 2789 ·

355 2892 532 2949 rum
602 2863 900 2976 primus
960 2895 1240 2951 aureus
1301 2868 1404 2952 est
1449 2926 1477 2968 ,
1535 2864 2179 2980 repraesentatque
2269 2863 2351 2947 in
2417 2865 2678 2949 antica
2737 2893 2984 2977 -parte
3047 2863 3313 2952 sanffi
3376 2856 3439 2937 I·

357 2982 760 3069 Ambrosii
829 2981 1038 3067 urbis
1100 2983 1414 3069 Patroni
1479 3010 1896 3097 protomen
1968 2981 2273 3094 peciore
2343 3009 2569 3067 tenus
2608 3042 2635 3087 ,
2718 3011 2900 3067 cum
2966 2981 3132 3088 ejus
3193 3013 3331 3066 no·
3547 2982 3548 2985 ‘

358 3096 579 3185 mine
643 3098 726 3183 in
786 3098 1163 3185 circuitu.
1255 3105 1348 3186 Iu
1412 3103 1719 3217 posticae
1784 3101 2048 3186 medio
2110 3100 2534 3186 exhibetur
2632 3098 2860 3186 litera
2926 3105 3050 3183 M.
3113 3099 3326 3186 urbis

358 3215 711 3301 nominis
771 3217 1347 3322 initialis,cum
1389 3219 1924 3306 circumdufla
1988 3219 2416 3333 epigraphe
2483 3224 3329 3305 MEDIOLANVM.

355 3334 899 3422 Exaustorato
979 3336 1059 3422 in
1125 3338 1621 3452 Lugdunenfi
1688 3336 2063 3424 Concilio
2126 3336 2524 3421 Friderico
2587 3341 2692 3420 II.
2781 3342 3329 3449 Imperatore,

355 3483 566 3540 anno
632 3459 1131 3540 MCCXLV.
1192 3456 1511 3542 vacavit
1593 3454 2034 3569 Imperium
2118 3455 2216 3538 ad
2279 3485 2578 3539 annum
2673 3458 3256 3540 MCCLXXII.
3303 3511 3330 3556 ,

355 3602 517 3686 quo
578 3600 937 3686 tempore
1019 3602 1066 3657 a
1134 3574 1854 3660 Mediolanenlibus
1931 3571 2044 3658 sui
2124 3572 2320 3684 juris
2374 3571 2596 3658 saRis
2686 3602 3066 3658 nummus
3130 3631 3157 3678 ,
3236 3597 3326 3657 ut

349 3686 629 3776 censeo
665 3749 695 3795 ,
749 3688 970 3775 cusus
1029 3691 1132 3774 est
1171 3750 1193 3774 .
3155 3763 3160 3767 ,

530 3813 624 3892 In
688 3838 868 3891 area
932 3806 1247 3893 secundi
1302 3809 1657 3925 argentei
1722 3807 2036 3895 nummi
2102 3808 2421 3921 effulget
2449 3813 2668 3894 Crux
2704 3803 2994 3895 affabre
3058 3805 3324 3893 elabo·
3381 3799 3487 3881 ῙῘ·

350 3952 577 4031 rata,
637 3925 895 4010 verbis
957 3926 1035 4009 in
1101 3928 1289 4012 orbe
1354 3930 1615 4045 positis
1679 3935 1910 4016 AZO
1970 3932 2635 4013 VICECOMES
2680 3986 2704 4009 .
2781 3937 2862 4013 A
2925 3956 3150 4042 tergo
3213 3927 3327 4009 vi·

349 4044 543 4130 {itur
605 4042 872 4130 Sanf’ti
935 4045 1335 4130 Ambrosii
1396 4048 1480 4133 in
1545 4049 1916 4134 cathedra
1980 4044 2314 4131 sedentis
2373 4044 2699 4157 imago,
2742 4047 2959 4158 cujus
3022 4074 3321 4130 nomen

351 4161 435 4246 in
503 4162 864 4275 margine
926 4161 1432 4249 continetur.

535 4283 838 4365 Eadem
903 4311 1218 4395 quoque
1282 4288 1504 4369 Crux
1567 4282 1999 4371 ostenditur
2088 4279 2169 4365 in
2235 4280 2476 4368 tertio
2556 4310 2936 4397 argenteo
2999 4340 3026 4384 ,
3107 4278 3313 4366 hisce

354 4396 914 4485 cicumvallata
1024 4401 1643 4487 chara-fletibus.
1700 4409 1932 4488 AZO
1993 4405 2656 4485 VICECOMES
2746 4403 3312 4485 MEDIOLA·
3374 4387 3522 4467 111·

353 4522 826 4602 NVM.-In
888 4515 1153 4602 aversa
1214 4517 1410 4603 facie
1474 4518 1813 4605 occurrit
1877 4519 2203 4605 Saucius
2264 4519 2722 4602 Ambrosius
2786 4518 3046 4603 sedens
3131 4546 3314 4599 cum

360 4632 902 4721 circumdufia
965 4635 1394 4753 epigraphe
1435 4642 2221 4747 S.AMBROSIVS;
2283 4635 2561 4720 deinde
2625 4637 2956 4750 exiguus
3015 4635 3320 4836 [εὔρεος

3146 4780 3208 4835 1.

820 4954 1044 4976 ῃ

3103 4951 3325 4988 -η-

460 5026 789 5126 gavimus
843 5027 960 5101 sub
1040 5056 1230 5102 num.
1286 5053 1355 5129 3.
1406 5056 1479 5125 4.
1533 5037 1642 5106 At
1696 5057 1868 5132 cum·
1932 5031 2211 5108 diverso
2264 5053 2441 5131 typo
2492 5029 2576 5104 fit
2650 5028 2846 5104 cusus
2887 5085 2911 5124 ‚
2966 5054 3107 5105 non
3185 5021 3319 5099 effe

463 5129 1139 5224 praetermittendum
1194 5130 1573 5207 duximus·

365 5227 480 5335 (ι)
535 5231 799 5314 Bellini
852 5233 1142 5310 Differt.
1192 5233 1422 5334 prima
1473 5234 1667 5313 edita
1719 5260 1907 5315 anno
1964 5253 2183 5336 1755.
2237 5259 2392 5338 pag.
2444 5235 2567 5314 62.
2622 5237 2746 5339 63.
2798 5235 2923 5335 64·
