4554 6345
1461 528 1652 671 95·
2228 529 2462 644 DE
2600 529 3423 649 MONETIS

1332 751 1549 873 piam
1613 750 1973 871 redigere
2035 751 2422 864 sancivit,
2481 779 2575 844 ut
2633 755 2731 859 ad
2788 754 3277 846 deditionem
3338 777 3868 873 cogerentur.
3930 756 4138 840 Hoc
4171 751 4315 841 ἢν

1329 899 1423 959 tu
1486 901 1605 959 res
1662 874 1764 958 ad
1826 875 2425 962 Montalcinum
2485 904 2669 967 uum
2731 873 2973 962 effent
2993 902 3021 986 3
3081 877 3180 963 ad
3242 873 3747 963 cardinalem
3783 871 4302 975 Paciechum,

1332 992 1472 1110 qui
1535 1017 1905 1079 emortuo
1961 992 2375 1079 Toletano
2435 991 2566 1107 (t)
2627 989 3115 1099 succefferat,
3171 992 3521 1080 delatum
3555 1018 3583 1101 ;
3621 990 4067 1078 Turcicam
4094 986 4301 1075 Clas

1331 1112 1493 1198 sem
1559 1115 1918 1223 Dragute
1983 1116 2209 1195 Duce
2270 1109 2581 1195 cursum
2643 1110 2964 1195 Italiam
3030 1110 3289 1197 versus
3352 1136 3617 1197 tenere
3672 1137 3918 1221 :.quo
3989 1133 4303 1221 tempo-

1329 1255 1416 1316 re
1474 1230 1853 1332 Garzias,
1914 1252 2002 1313 ut
2064 1228 2368 1313 tuendae
2429 1256 2580 1313 orae
2643 1228 3065 1313 maritimae
3124 1256 3393 1314 curam
3478 1224 3930 1340 susciperet,
3999 1224 4089 1308 in
4158 1230 4303 1308 Re·

1333 1374 1585 1460 gnum
1621 1346 2083 1431 exhaustum
2169 1344 2432 1429 milite
2514 1372 2929 1431 revocatur
2984 1405 3014 1451 ,
3068 1347 3514 1458 obsidioque
3553 1343 3881 1430 solvitur
3915 1399 3941 1426 .
4014 1350 4299 1454 Neque

1330 1476 1602 1550 tamen
1663 1463 1769 1545 ob
1831 1462 1909 1546 id
1971 1490 2021 1547 a
2084 1460 2457 1547 molestiis
2518 1461 2742 1547 liberi
2808 1461 3174 1548 Senenses
3236 1462 3598 1571 evasere;
3658 1461 3965 1555 etenim
4070 1464 4299 1571 Joan·

1329 1608 1466 1665 nes
1525 1579 1861 1692 Jacobus
1929 1577 2282 1665 Medices
2349 1577 2784 1664 Mariniani
2851 1581 3223 1667 Marchio
3280 1608 3622 1695 genere,
3679 1575 4066 1690 fastisque
4153 1572 4298 1660 cla·

1324 1725 1505 1803 rus,
1562 1726 1748 1782 cum
1814 1693 1947 1782 sub
1985 1695 2334 1782 —initium
2404 1702 2802 1781 MDLIV.
2864 1696 3208 1783 Caesarea
3265 1726 3489 1783 arma
3554 1695 4054 1781 Florentinis
4120 1720 4299 1776 con·

1323 1811 1609 1901 sociata
1672 1814 1753 1901 in
1815 1815 2272 1901 Senenfium
2360 1814 2751 1900 ditionem
2836 1814 3168 1901 duxifl'et
3213 1876 3239 1919 ,
3298 1840 3377 1899 et
3442 1812 3653 1899 levia
3739 1812 4007 1926 praelia
4111 1836 4291 1894 cunt

1323 1932 1659 2019 Gallicis
1716 1931 1961 2048 copiis
2022 1989 2049 2033 ,
2110 1960 2447 2046 quarum
2533 1960 2717 2018 cura
2798 1938 3037 2018 Petro
3116 1931 3418 2018 Strotio
3477 1928 3815 2044 egregiis
3896 1928 4136 2015 facilis
4194 1925 4287 2010 ad

1326 2077 1507 2135 earn
1570 2051 1786 2136 diem
1852 2048 2156 2137 invisto
2224 2049 2425 2135 Duci
2489 2047 2743 2135 suerat
2803 2048 3338 2158 demandata,
3394 2044 4290 2156 conseruiffetuandem

1324 2171 1471 2251 IV.
1531 2174 1753 2253 Non.
1829 2165 2152 2254 Sextilis
2234 2166 2527 2251 iterum
2591 2166 2777 2251 belli
2869 2166 3126 2254 aleam
3245 2165 3584 2285 etfperiri
3649 2164 3976 2255 statuit·
4070 2161 4289 2248 Acri·

1327 2309 1449 2368 ter
1506 2311 1698 2396 ergo
1735 2282 1949 2368 inter
2008 2309 2434 2397 utrumque
2476 2281 2935 2385 ‚caeercitum
2980 2286 3492 2371 decertatum
3553 2280 4009 2388 „variante
4097 2279 4279 2365 hinc

1322 2397 1506 2485 inde
1565 2398 1958 2508 fortuna;¹
1993 2399 2252 2486 exitus
2317 2427 2586 2486 tamen
2760 2430 2932 2514 gnae
2991 2398 3174 2509 suit,
3234 2428 3326 2487 ut
3390 2399 3746 2487 maxima
3806 2399 4040 2486 clade
4102 2394 4289 2482 Gal-

1267 2610 1274 2615 ]
1322 2514 1519 2609 licus
1583 2515 1972 2631 peditatus
2029 2513 2438 2631 fugaretur
2471 2578 2499 2623 ,
2537 2517 2655 2604 luc
2704 2513 2965 2632 uque,
3023 2545 3105 2605 et
3170 2518 3412 2633 strage
3476 2517 3751 2603 omnia
3789 2513 4287 2621 compleren-

1323 2660 1494 2723 tur.
1539 2641 1936 2722 Caeterum
1999 2662 2099 2719 eo
2159 2636 2240 2721 in
2305 2634 2672 2723 conflistu
2739 2635 2938 2721 mira
3000 2636 3276 2724 Strotii
3341 2634 3618 2721 effullit
3683 2632 3963 2737 virtus,
4033 2661 4126 2719 ac
4160 2659 4285 2745 op·

1324 2752 1507 2840 timi
1572 2752 1824 2841 Ducis
1886 2778 2176 2840 munus
2235 2752 2457 2869 egit;
2517 2777 2602 2840 at
2664 2780 2752 2838 ut
2816 2751 2887 2840 se
2947 2756 3047 2840 ab
3110 2752 3517 2868 equitatu,
3574 2752 3712 2867 qui
3778 2751 3912 2837 sub
3952 2749 4283 2836 initium

1323 2869 1782 2959 certaminis
1845 2872 2056 2988 turpi
2142 2867 2346 2985 fugae
2409 2868 2479 2956 se
2539 2870 2858 2957 dederat
2895 2930 2923 2977 ,
2982 2869 3705 2984 illusum,suasque
3773 2897 3892 2954 res
3934 2865 4280 2983 *omnino

1317 2986 1599 3077 frasias
1658 2991 2097 3104 cognovit;
2137 3017 2234 3074 ne
2300 2985 2381 3073 in
2443 2987 2784 3074 hostium
2853 3017 3132 3074 manus
3191 2988 3570 3074 incideret
3667 2985 4007 3072 salutem
4103 2982 4279 3095 fuga

1315 3106 1668 3221 quaelivit
1704 3165 1732 3212 ,
1791 3133 1873 3193 et
1933 3105 2241 3194 levibus
2302 3103 2598 3194 saucius
2659 3104 3116 3193 vulneribus
3180 3104 3773 3192 Montalcinum
3839 3133 4033 3194 cum
4062 3128 4290 3216 „pauae

1316 3224 1427 3310 cis
1486 3224 1735 3311 citato
1795 3223 2083 3310 itinere
2145 3223 2217 3310 se
2282 3223 2620 3338 recepit.
2680 3230 3048 3311 Fortunat
3110 3221 3436 3309 successu
3497 3223 3750 3308 elatus
3782 3220 4278 3307 Marinianus

1315 3345 1558 3429 Senas
1620 3340 1979 3429 vistrices
2041 3340 2305 3454 copias
2364 3340 2702 3446 eduxit,
2756 3342 3056 3455 quain
3122 3341 3519 3426 obsidione
3603 3369 3761 3425 non
3831 3368 4084 3453 pauca
4173 3336 4282 3420 in·

1320 3459 1745 3545 tolerandae
1807 3457 2297 3544 crudelitatis
2357 3457 2724 3572 exempla
2786 3457 3030 3544 edidit
3067 3459 3211 3567 ;εὸ
3253 3458 3468 3544 enim
3531 3456 3858 3544 saevities
3894 3452 4275 3570 agitavit,

1315 3603 1409 3662 ut
1468 3575 1826 3691 plerique
1889 3572 2105 3660 fame
2141 3576 2471 3690 oppressi
2535 3578 2722 3661 urbe
2817 3574 3296 3689 emigrantes
3381 3601 3520 3661 aut
3612 3575 4194 3660 trucidarentur
4248 3625 4276 3673 ,

1313 3720 1455 3778 aut
1515 3690 2032 3806 adproprios
2093 3689 2292 3777 lares
2355 3721 2703 3778 remeare
2788 3693 3294 3806 adigerentur
3357 3722 3380 3776 t
3444 3693 3783 3805 cumque
3844 3686 4271 3805 aliquando

1314 3807 1580 3894 obseffi
1644 3810 1748 3895 ob
1814 3807 2257 3894 maximam
2324 3838 2592 3896 rerum
2656 3809 3015 3925 inopiam
3079 3840 3360 3924 pueros
3419 3809 3500 3894 in
3584 3808 4074 3894 Nosocomio
4151 3805 4274 3890 de·

1314 3952 1592 4040 gentes
1651 3927 1843 4012 urbe
1906 3925 2296 4037 ejeciffent
2366 3987 2394 4032 ,
2454 3927 2891 4013 Mariniani
2953 3928 3272 4015 auxiliis
3349 3926 3697 4014 destituti
3792 3929 3943 4011 huc
4029 3948 4269 4038 atque

1318 4043 1509 4129 illuc
1571 4069 1917 4129 errantes
1978 4042 2189 4130 fame
2251 4042 2746 4160 consumpti,
2803 4071 2940 4130 aut
3016 4041 3375 4141 ‚ferarum
3459 4043 3825 4129 dentibus
3908 4035 4266 4129 dilaniati

1319 4158 1593 4246 misere
1656 4160 2106 4277 perierunt.
2224 4160 2596 4248 Senenses
2686 4163 2987 4249 interea
3049 4165 3148 4247 ad
3210 4160 3416 4258 ‚osio
3494 4159 3794 4246 menses
3876 4160 4266 4246 obsidione

1317 4275 1506 4363 forti
1568 4278 1845 4364 animo
1907 4278 2303 4386 tolerata;
2361 4277 2572 4364 fame
2639 4280 2961 4365 tandem
3027 4281 3256 4366 rebus
3337 4276 3633 4365 caeteris
3726 4275 4262 4394 periculofiore

1306 4421 1637 4508 urgente
1697 4455 1727 4500 ,
1807 4395 2269 4512 auxiliisque
2352 4396 2773 4481 Gallorum
2864 4426 2909 4482 a
2992 4397 3295 4483 Strotio
3404 4395 3782 4510 pollicitis
3865 4396 4084 4480 diem
4172 4391 4262 4474 de

1310 4513 1437 4599 die
1501 4511 1985 4599 trahentium
2048 4514 2515 4631 desperatis,
2568 4510 2899 4602 fortunae
2960 4515 3234 4601 cedere
3294 4513 3765 4621 coassi,1V.
3826 4518 4103 4598 Nonas
4162 4513 4263 4594 A·

3928 4628 4149 4753 prilis

1296 4825 1409 4928 (ι)
1463 4830 1858 4903 Toletanus
1904 4824 2092 4901 fasta
2145 4827 2601 4925 expeditione
2645 4884 2667 4920 ,
2722 4848 2803 4904 ut
2875 4831 3230 4905 exercitus
3283 4827 3706 4934 indigentiis
3747 4888 3772 4924 ,
3822 4829 4235 4928 incertisque

1388 4928 1681 5003 fortunae
1736 4927 2038 5018 casibus,
2094 4927 2138 5002 si
2192 4955 2365 5026 opus
2418 4929 2643 5021 soret,
2697 4931 2931 5029 praesto
2983 4931 3195 5023 effet,
3252 4935 3445 5008 Pisas
3486 4930 3995 5032 adnavigavit,
4042 4930 4232 5005 dein-

1387 5030 1474 5102 de
1528 5028 1903 5103 Florentiae
1958 5029 2137 5125 apud
2191 5029 2534 5105 Cosmum
2591 5036 2890 5123 Ducem,
2917 5032 3032 5106 cui
3089 5033 3315 5108 filiam
3371 5033 3561 5108 suam
3616 5037 4047 5116 Eleonoram
4102 5021 4237 5102 des·

1388 5129 2161 5231 ponderat,consedit;
2220 5132 2465 5229 ibique
2520 5159 2773 5231 paucos
2825 5132 2970 5231 post
3020 5134 3173 5209 dies
3229 5137 3542 5212 maxima
3599 5133 4251 5235 Neapolitanorum

1370 5229 1670 5322 laetitia,
1721 5229 1974 5329 quibus
2023 5252 2174 5308 erat
2227 5231 2645 5327 formidini,
2701 5233 2893 5310 diem
2950 5236 3195 5312 clausit
3245 5257 3698 5313 extremum.
