4554 6345
972 526 1347 641 NON
1491 452 2761 642 EVULGATlsJ
3002 588 3011 596 ·
3162 568 3301 673 99

326 788 419 846 ra
479 754 1044 845 condecoratus
1103 758 1330 841 XIII.
1391 750 1582 839 Kal.
1641 750 2050 841 Februarii
2154 756 2825 841 MCCCLXVII.
2940 755 3325 871 Exponit'

326 877 465 965 hic
526 875 606 962 in
677 873 935 992 prima
991 868 1252 958 fronte
1314 872 1563 961 Ducis
1624 870 2072 986 imaginem
2128 873 2361 959 flexis·
2414 870 2749 985 genibus
2810 874 3203 965 vexillum
3258 908 3320 965 ει

325 997 555 1084 Divo
619 1000 902 1079 Marco
957 989 1668 1104 accipientis,cum
1731 991 2234 1108 inscriptione
2276 997 2351 1077 S.
2417 997 2537 1076 Μ.
2578 996 3051 1079 VENETI.
3110 1002 3306 1085 AN·

326 1121 520 1205 DR.
584 1115 1254 1200 CONTAREN.
1291 1115 1584 1196 DVX.
1643 1115 1737 1196 In
1800 1110 2066 1197 aversa
2128 1109 2626 1196 Salvatorem
2693 1111 3042 1197 nostrum
3108 1116 3305 1203 stan·

330 1261 503 1322 tem
569 1232 893 1318 dextera
955 1226 1553 1314 benedicentem
1595 1289 1623 1334 ,
1684 1228 1971 1313 finistra
2042 1228 2673 1341 Evangeliorum
2738 1227 3031 1316 librum
3097 1232 3327 1321 susti·‘

327 1376 662 1438 nentem
711 1407 739 1454 ‚
795 1347 892 1434 ad
957 1344 1204 1433 latera
1298 1346 1485 1432 hinc
1543 1372 1909 1461 quatuor·
1953 1346 2248 1451 stellis,
2310 1345 2536 1432 illinc
2609 1345 2965 1463 quinque
3016 1409 3043 1453 ,
3098 1378 3181 1438 et
3250 1381 3302 1442 a

328 1469 635 1557 duabus
695 1464 1057 1554 ovalibus
1116 1462 1345 1549 lineis
1407 1464 2035 1568 circumdatum,
2094 1494 2285 1550 cum
2350 1469 2497 1551 hac
2561 1463 2642 1549 in
2709 1465 2965 1551 limbo
3028 1496 3341 1557 exara·-

333 1613 419 1674 ta
483 1582 910 1701 epigraphe
975 1587 1178 1669 SIT.
1240 1587 1348 1666 T.
1413 1589 1644 1668 XPE.
1707 1589 1977 1669 DAT.
2037 1590 2146 1700 Q
2207 1589 2314 1668 T.
2379 1587 2711 1671 REGIS
2784 1589 3040 1672 ISTE
3102 1593 3337 1673 Dvae

332 1710 652 1810 CAT.,
705 1731 879 1819 quae
940 1701 1142 1816 figlae
1204 1701 1304 1790 fic
1364 1702 1886 1817 exponendae.
1946 1704 2076 1785 Sit
2137 1701 2286 1783 tibi
2347 1700 2647 1814 Christe.
2707 1700 2928 1786 datus
2964 1765 2992 1810 ,
3069 1735 3337 1817 quem:

328 1827 471 1907 Tu
533 1822 730 1937 regis
792 1823 926 1933 iste
986 1826 1364 1903 Ducatus.
1429 1820 1780 1905 Primum
1849 1820 1923 1905 id
1991 1849 2235 1934 genus
2272 1825 2625 1906 Monetae
2687 1818 2839 1906 suit
2879 1819 3012 1907 sub
3054 1829 3292 1936 Joan·

325 1970 433 2027 ne
495 1939 872 2027 Dandulo
933 1937 968 2052 (
1030 1964 1120 2025 ut
1184 1940 1521 2025 habetur
1582 1938 1664 2024 in
1729 1939 2079 2026 Fastibus
2143 1938 2577 2023 Ducalibus
2640 1938 2941 2024 Marini
3004 1944 3289 2031 Sanuti

323 2060 538 2176 apud
606 2057 1146 2145 Muratorium
1211 2062 1458 2141 Tom.
1524 2064 1780 2141 XXII.
1861 2064 2048 2143 Rer.
2108 2056 2367 2141 Italic.
2432 2055 2711 2173 Script.
2796 2057 2943 2143 col.
3004 2060 3288 2177 400.)
3436 2066 3488 2138 ζ·

317 2205 540 2263 anno
611 2181 1258 2261 MCCLXXXV.
1316 2173 1859 2285 fabricatum;
1918 2205 2080 2289 quo
2144 2202 2505 2290 tempore
2600 2204 2741 2289 pro
2806 2174 3053 2263 tribus
3117 2204 3292 2265 tan·

317 2321 503 2382 tum
565 2293 899 2380 Venetis
962 2292 1181 2379 libris
1241 2294 1831 2407 expendebatur
1877 2353 1900 2377 .
1993 2299 2293 2377 Verum
2400 2290 2973 2380 collabentibus
3058 2298 3291 2386 annis

314 2415 523 2499 adeo
583 2420 946 2499 Ducatus
1004 2439 1287 2497 aureus
1346 2411 1430 2495 in
1496 2440 1832 2497 numero
1911 2410 2332 2498 solidorum
2404 2410 2777 2497 adauctus
2837 2471 2866 2517 ,
2961 2439 3051 2499 ut
3142 2413 3285 2502 sub
3460 2422 3469 2431 ’

312 2529 646 2618 initium
712 2529 1029 2646 imperii
1095 2529 1534 2616 Contareni
1602 2560 1744 2646 pro
1807 2530 2024 2615 libris
2087 2529 2389 2631 tribus,
2445 2556 2527 2615 et
2589 2526 2847 2615 solidis
2910 2530 3335 2643 quatuor-.

310 2649 634 2759 decim,
691 2675 772 2734 et
839 2644 1121 2734 mortis
1179 2647 1346 2757 ejus
1408 2675 2008 2764 tempore‚quae
2072 2647 2411 2759 contigit
2476 2645 2737 2733 Nonis
2791 2650 3009 2761 Junii
3077 2657 3287 2739 MC-

306 2771 908 2872 CCLxxxll„
969 2795 1112 2880 pro
1172 2764 1391 2853 libris
1451 2796 1843 2883 quatuor,
1901 2796 1979 2852 et
2046 2765 2384 2854 totidem
2452 2764 2711 2852 solidis
2781 2795 3327 2884 computares

305 2910 448 2972 tur
490 2942 512 2968 .
573 2882 846 2970 Hodie
907 2883 1097 2968 vero
1156 2884 1357 2971 adeo
1417 2887 1773 2972 immane
1838 2886 2070 2972 subiit
2136 2883 2889 2989 incrementum,ut
2950 2888 3276 2977 decreto

303 3001 697 3117 Principis
757 3002 1058 3087 duabus
1140 3029 1222 3088 et
1286 3004 1575 3121 viginti
1643 3004 1861 3092 libris
1921 3004 1999 3089 in
2067 3002 2325 3119 pretio
2387 3000 3034 3118 correspondeat..

488 3121 889 3209 Secundus
948 3148 1052 3205 ex
1118 3151 1317 3236 puro
1376 3153 1711 3238 argento
1773 3127 2155 3211 conflatus
2218 3150 2596 3208 nummus
2646 3121 2984 3210 ostendit
3015 3120 3097 3209 in
3135 3152 3272 3211 an·

298 3237 467 3327 tica
532 3269 751 3355 parte
781 3237 1025 3326 Ducis
1086 3241 1355 3329 stantis
1414 3244 2209 3359 effigiem,ambabus
2253 3241 2615 3325 manibus
2639 3239 3025 3329 vexillum
3070 3239 3273 3330 susti·
3331 3243 3443 3338 11.

297 3357 569 3445 nentis
619 3418 646 3462 ,
730 3358 987 3443 verbis
1062 3357 1143 3443 in
1209 3390 1495 3475 gyrum
1551 3365 1813 3478 pofitis
1871 3368 2224 3448 TOMas
2288 3363 2909 3446 MOCENICO
2972 3367 3266 3472 Dvx;

305 3506 515 3592 pone
581 3483 891 3563 Ducem
954 3475 1309 3585 stellam,
1350 3510 1430 3566 et
1493 3485 1767 3597 siglam
1835 3486 1940 3564 V.
2001 3485 2091 3562 In
2161 3478 2511 3594 oppofita
2574 3475 2999 3592 insculptus
3036 3508 3270 3596 appa-

305 3622 423 3682 ret
489 3597 846 3681 Venetus
903 3594 1159 3681 alatus
1220 3597 1347 3686 leo
1407 3631 1588 3688 cum
1658 3599 2280 3712 Evangeliorum
2353 3596 2555 3682 libro
2578 3597 2895 3701 3addita
2958 3596 3271 3715 inscrip-

303 3712 526 3800 tione
589 3718 664 3798 S.
727 3719 1261 3802 MARCVS.
1350 3719 1538 3807 Fuit
1599 3722 1967 3806 Thomas
2050 3716 2145 3800 ad
2214 3714 2512 3800 Ducale
2580 3714 2856 3800 solium
2946 3717 3267 3803 ενεξὶιις

304 3861 520 3921 anno
586 3835 1258 3940 MCCCCXIII.,
1319 3864 1401 3923 et
1467 3838 1630 3952 post
1688 3840 1960 3923 decem
2028 3831 2439 3944 regiminis
2499 3862 2750 3918 annos
2810 3862 2851 3918 e
2906 3834 3072 3921 vita
3137 3865 3268 3920 ex·

304 3951 573 4034 cessit.
637 3949 1060 4064 Expofitus
1119 3981 1499 4042 nummus
1560 3956 1702 4041 illo
1752 3985 1919 4040 aevo
1981 3954 2291 4040 Solidus
2356 3950 3263 4066 vocitabatur.quorum

304 4065 594 4181 viginti
663 4065 1000 4171 libram,
1061 4096 1141 4155 et
1204 4101 1523 4160 centum
1595 4078 1999 4160 Ducatum
2067 4098 2393 4156 aureum
2462 4068 3093 4179 constituebant3
3133 4101 3267 4156 au·

291 4213 470 4272 reus
533 4185 748 4269 enim
816 4193 1171 4280 Ducatus
1207 4193 1608 4280 Mocenici
1676 4192 2164 4310 temporibus
2229 4210 2370 4305 pro
2432 4184 2652 4272 libris
2716 4188 3066 4304 quinque
3138 4220 3268 4275 ex·

297 4305 836 4419 pendebatur.

1046 4459 2527 4638 VIGLEVANI.

294 4661 510 4880 IN
579 4787 727 4870 hoc
788 4805 1173 4897 argenteo
1234 4816 1573 4876 nummo
1673 4787 2261 4904 repraesentatur
2321 4780 2863 4870 Triultiorum
2935 4787 3261 4874 stemma

295 4925 476 4984 cum
544 4902 1072 4990 circumdussa
1137 4903 1641 5019 inscriptione
1709 4915 1849 4994 10.
1913 4914 2050 4994 IA.
2116 4913 2346 4992 TRI.
2393 4910 2591 4990 MA.
2653 4909 3263 4991 VIGLEMA·
3317 4915 3381 4997 1.

298 5016 758 5107 RESCAL.
823 5025 1157 5107 FRAN.
1193 5027 1538 5134 Joannes
1578 5027 1907 5134 jacobus
1972 5027 2428 5110 Trivultius
2487 5020 2839 5104 Mar-chio
2905 5026 3259 5138 Vigleva-

289 5134 374 5214 m'
440 5135 997 5255 Marcs‘chaleus
1055 5143 1453 5236 Franciae.
1540 5142 1849 5355 Ρτεειίξτι
1915 5145 2198 5260 postica
2262 5141 2526 5232 Sansti
2590 5141 3250 5277 Georgiidiantis

1841 5292 1894 5348 2
2942 5290 3136 5348 tma-
