4554 6345
1376 559 1534 669 '16
1978 550 2254 665 DE
2390 550 3480 665 MONETIS

1256 785 1718 891 Alidofius,
1775 806 1869 868 ut
1963 780 2061 869 de
2121 782 2316 868 urbe
2393 777 2555 891 jam
2618 775 2885 863 aslum
2966 774 3355 893 cognovit
3395 836 3427 885 ,
3507 805 3667 862 non
3758 771 3971 862 ultra
4027 802 4225 863 cun-

1260 904 1632 991 &andum
1698 926 1956 1006 ratus,
2013 898 2408 987 ementito
2467 894 2794 1000 habitu,
2852 902 3151 982 Forum
3217 893 3829 1000 Cornelii,inde
3890 899 4219 980 Raven-

1258 1051 1445 1109 nam
1529 1015 1604 1105 se
1684 1046 2157 1135 purgaturus
2237 1015 2521 1103 seceffit
2561 1071 2589 1118 ,
2646 1014 2725 1098 8<
2782 1014 2989 1130 apud
3050 1011 3355 1125 Julium
3417 1012 3529 1096 ibi
3592 1010 4141 1097 consedentem
4186 1072 4217 1118 ,

1255 1139 1472 1227 suam
1536 1138 1621 1222 in
1688 1166 2012 1221 munere
2073 1135 2211 1220 fibi
2274 1129 2728 1221 concredito
2788 1130 3215 1216 socordiam
3255 1128 3743 1233 vindicavit,
3790 1156 4213 1245 totamque

1260 1257 1449 1343 belli
1513 1256 1822 1341 cladem
1885 1255 1968 1339 in
2030 1252 2497 1366 imperitum
2559 1256 2963 1363 Nepotem
3029 1247 3425 1364 impegit.
3521 1247 3765 1363 Quod
3849 1277 4032 1333 cum
4097 1277 4220 1334 re·

1228 1373 1585 1477 'scivisset
1647 1372 2046 1473 Urbinas,
2107 1371 2204 1455 ad
2271 1366 2789 1471 Pontificem,
2848 1365 3062 1453 suam
3126 1365 3462 1453 caussam
3528 1364 4218 1481 patrocinaturus,

1258 1489 1712 1607 properavit
1754 1547 1780 1593 ,
1839 1491 1916 1571 8<
1979 1487 2419 1573 Alidofium
2515 1514 2652 1601 per
2717 1487 2991 1570 urbem
3053 1482 3547 1598 equitantem
3611 1482 3746 1568 fibi
3788 1483 4220 1568 obvenien-

1264 1636 1431 1694 tem
1499 1606 1966 1692 trucidavit.
2027 1610 2220 1721 Quo
2281 1603 2488 1689 fasto
2551 1602 2891 1716 percitus
2953 1602 3317 1687 Pontifex
3380 1600 3791 1716 extemplo
3850 1607 4212 1688 Romam

1261 1726 1640 1839 migravit
1681 1784 1707 1829 ,
1767 1721 2412 1836 validiffimasque
2476 1719 2767 1834 Copias
2830 1719 3198 1834 proximo
3256 1750 3470 1806 anno
3556 1717 3827 1808 amissa
3890 1747 4215 1833 recupe-

1257 1872 1568 1929 raturus
1629 1843 1708 1926 in
1774 1870 2056 1955 agrum
2119 1837 2689 1926 Bononiensem
2756 1835 3142 1924 immisit:
3204 1838 3490 1954 quibus
3551 1837 3946 1952 perterriti
4009 1843 4212 1921 Ben-

1253 1960 1492 2046 tivoli
1543 1996 1587 2065 ,·
1633 1966 1909 2045 veteri·
1945 1958 2408 2043 dominandi
2472 1953 2798 2041 libidine
2860 1955 3162 2042 dimissa
3219 2017 3249 2062 ,
3306 1955 3790 2070 Civiumque
3846 1954 4207 2067 precibus

1252 2076 1564 2193 fatigati
1629 2078 1870 2190 Junio
1935 2074 2198 2161 mense
2260 2074 2332 2160 se
2375 2074 2445 2160 se
2505 2075 2605 2159 ab
2671 2076 2861 2158 urbe
2926 2074 3473 2160 abalienarunt
3511 2133 3532 2156 .
3607 2072 3959 2160 Annibal
4024 2078 4204 2157 Fer-

1249 2196 1542 2281 rariam
1580 2254 1606 2300 ,
1663 2226 1824 2308 quo
1888 2194 2239 2308 primum
2302 2189 2809 2304 confugerat,
2870 2190 3259 2297 reversus,
3301 2189 3730 2278 Familiam
3772 2191 3989 2276 suam
4016 2196 4206 2275 Pur·

1250 2313 1510 2428 puris,
1571 2309 2331 2424 Infulis,Armisque
2392 2308 2829 2423 fulgentem
2892 2308 3404 2425 propagavit:
3470 2308 3767 2397 Carolo
3828 2308 4202 2396 Guidone

1252 2430 1602 2543 quinque
1664 2458 2056 2514 annorum
2123 2427 2451 2544 puerulo
2510 2457 2610 2512 ex
2640 2425 3008 2512 Guidone
3071 2428 3203 2539 (1)
3265 2453 3456 2512 nato
3516 2458 3684 2513 aevo
3746 2428 3900 2511 hoc
3941 2427 4203 2511 nostro

1251 2546 1972 2662 superstite,quem
2024 2553 2241 2631 Deus
2303 2545 2685 2660 Optimus
2748 2545 3159 2631 Maximus
3220 2546 3316 2630 ad
3382 2573 3618 2632 tantae
3681 2543 3967 2631 Gentis
4034 2573 4211 2656 pro·

1250 2664 1766 2780 pagationem
1825 2723 1853 2771 ,
1913 2662 2270 2777 urbisque
2332 2666 2600 2749 nostrae
2661 2661 3146 2779 splendorem
3212 2662 3295 2747 in
3360 2662 3728 2749 humanis
3779 2662 4203 2749 diutissime

1252 2781 1700 2867 conservet.

955 2916 1193 3003 VIII.
1306 2904 1321 2923 ‘
1388 2896 1783 2985 'Ossavus
1833 2922 2259 3012 argenteus
2317 2895 2402 2981 in
2466 2894 2836 2982 omnibus
2915 2895 3291 2987 consonat
3389 2927 3574 2984 cum
3641 2895 4209 3002 antecedenti,

1248 3017 1580 3134 dempto
1640 3016 1970 3103 Alidosri
2037 3017 2449 3102 stemmate
2511 3074 2538 3120 ,
2594 3015 2680 3101 in
2741 3014 2962 3126 cujus
3023 3016 3203 3102 loco
3281 3015 3480 3104 illud
3543 3017 3872 3130 Joannis
3936 3016 4208 3101 Cardi-

3959 3163 4091 3218 na·

2377 3291 2608 3315 ὴ
3303 3290 3988 3316 *ᾖ*
3999 3292 4208 3315 ῃ

1245 3293 2154 3320 “-“-

1247 3366 1359 3465 (1)
1416 3364 1779 3440 Liciniam
1806 3365 2093 3454 Ioannis
2116 3363 2428 3440 Comitis
2482 3361 2974 3465 Martinenghi
3034 3365 3334 3439 Patricii
3360 3363 3748 3439 Brixienfis
3793 3365 4019 3439 filiam
4047 3392 4203 3440 ma-

1304 3466 1693 3560 ⁴trimonio
1749 3465 1872 3537 fibi
1898 3467 2258 3564 copulavit
2312 3466 2704 3557 Guid0,ex
2732 3491 2868 3561 qua
2924 3467 3318 3540 Beatricem
3365 3481 3394 3555 ,'
3440 3469 3511 3539 &
3567 3467 4005 3539 Mathildem
4059 3465 4228 3539 susm

1346 3568 1525 3640 tulit
1568 3623 1590 3657 ,
1644 3592 1935 3662 quarum
2015 3566 2241 3665 prima
2315 3570 2578 3640 Carolo
2650 3566 3064 3640 Marchioni
3119 3564 3410 3640 Valenti
3488 3568 3806 3642 Patricio
3859 3570 4199 3641 Mantua·

1344 3665 1601 3740 nofuit
1657 3665 2105 3765 desponsata3
2164 3670 2382 3740 altera
2436 3693 2603 3740 vero
2676 3671 2999 3740 Marcum
3079 3668 3485 3741 Antonium
3562 3670 3853 3742 Erizum
3912 3695 3998 3741 ex
4051 3666 4188 3768 pri-

1344 3765 1563 3843 maria
1599 3768 2004 3844 Nobilitate
2058 3773 2334 3841 Veneta
2392 3767 2782 3841 consortem
2840 3768 2963 3841 fibi
3023 3766 3208 3842 thori
3264 3768 3480 3843 fecit.
3524 3769 3819 3843 Licinia
3845 3768 4010 3843 fatis
4035 3795 4184 3868 rap-

1342 3888 1417 3943 ta
1454 3926 1476 3959 ,
1532 3870 1953 3944 Bentivolus
2008 3866 2359 3942 maschilis
2414 3869 2624 3967 prolis
2676 3869 3011 3943 desiderio
3067 3890 3349 3967 captus,
3393 3867 3774 3942 viduitatis
3799 3897 3983 3944 anno
4010 3897 4181 3944 non·

1339 3971 1509 4043 dum
1567 3969 1868 4060 exaCtO,
1924 3995 2139 4044 novas
2192 3969 2474 4068 nuptias
2526 3996 2685 4042 cum
2745 3973 3023 4045 Helena
3078 3997 3164 4044 ex
3219 3971 3585 4044 Michaele
3646 3972 3995 4045 Grimano
4068 3979 4183 4047 Se-

1341 4091 1585 4144 natore
1640 4077 1919 4143 Veneto
1995 4091 2158 4144 nata
2203 4127 2224 4163 ‚
2277 4069 2636 4144 venustate
2678 4126 2701 4162 ,
2752 4074 2824 4144 &
2880 4069 3102 4144 animi
3176 4070 3461 4145 dotibus
3535 4071 3789 4172 insigni
3848 4078 3940 4146 V.
4019 4070 4181 4146 Idus

1343 4170 1537 4263 Junii
1595 4173 2172 4245 MDCCLXIV.
2227 4171 2658 4263 celebravit,
2713 4170 3147 4270 suscepitque
3201 4200 3289 4246 ex
3346 4200 3425 4246 ea
3479 4176 3903 4254 Eleonoram
3953 4229 3974 4262 ,
4026 4177 4190 4246 Ma·

1335 4274 1656 4346 riannam
1687 4275 1799 4364 ,Sc
1855 4275 2191 4347 Carolum
2237 4271 2642 4346 Guidonem
2700 4272 3190 4369 posthumum,
3240 4272 3528 4347 Infirma
3585 4300 3704 4372 per
3746 4277 3972 4370 plures
3999 4301 4193 4348 men·

1335 4371 1436 4446 ses
1491 4374 1901 4446 valetudine
1957 4393 2158 4446 utens
2209 4372 2496 4461 Guido,
2551 4373 2836 4446 tandem
2892 4379 3022 4448 VI.
3079 4373 3240 4448 Idus
3262 4373 4173 4464 JanuariiMDCCLXIX.

1341 4472 1557 4548 vitam
1615 4473 1976 4562 claufit,&
2032 4473 2121 4545 in
2164 4473 2338 4547 AEde
2383 4477 3278 4574 Cappuccinorum‚quam
3338 4477 3596 4549 Entius
3650 4504 3738 4550 ex
3782 4476 4021 4550 eadem
4053 4482 4180 4550 Fa-

1330 4575 1538 4649 milia
1594 4602 1780 4648 anno
1834 4578 2235 4649 MDCXIL
2293 4577 2571 4673 proprio
2623 4602 2751 4649 aere
2805 4604 2842 4649 a
2899 4575 3378 4649 fundamentis
3430 4599 3838 4651 extruxerat
3875 4636 3895 4670 ‚
3952 4577 4175 4672 sepul·

1328 4695 1484 4752 tura
1542 4674 1976 4749 honestatus.
2035 4675 2596 4750 Proximo-inde
2654 4676 2898 4751 mense-
2936 4676 3053 4751 die
3109 4682 3339 4750 XXV.
3391 4676 3580 4751 inter
3653 4678 3896 4754 horam
3982 4678 4175 4753 deci-

1328 4802 1520 4850 mam
1577 4778 1951 4874 quintam,
2006 4780 2074 4850 &
2132 4775 2398 4850 sextam
2455 4776 2723 4850 summa
2781 4777 3314 4852 ferrariensium
3372 4779 3629 4853 laetitia
3678 4780 3909 4854 oritur
3957 4784 4163 4872 Puer,

1325 4880 1395 4950 &
1453 4878 1525 4948 in
1584 4877 1863 4974 proprio
1922 4878 2201 4951 Palatio
2257 4875 2945 4977 magnificentissime
3000 4900 3340 4954 exornato
3392 4881 3478 4954 ab
3550 4873 3824 4972 Joanne
3897 4881 4170 4957 Rondi-

1320 4977 1551 5048 ‘nellio
1604 4977 1950 5076 Episcopo
2004 4977 2448 5051 Comaclenfi
2505 4982 2594 5049 V.
2652 4980 2814 5052 Idus
2867 4979 3051 5076 Maji
3111 4981 3295 5056 sacra
3349 4981 3531 5055 unda
3587 4983 3915 5081 expiatur
3958 5039 3981 5075 ,
4023 4986 4167 5057 Ca-

1327 5075 1461 5149 roli
1521 5081 1652 5150 111.
1709 5076 2210 5176 Hispaniarum
2270 5076 2482 5177 Regis
2536 5081 2827 5153 nomine
2877 5085 3145 5171 Joanne
3198 5084 3495 5158 Comite
3534 5084 4168 5178 ZambeccariASe·

1328 5196 1570 5250 nator-e
1627 5178 2049 5251 Bononiensi
2104 5179 2514 5277 Compatris
2564 5180 2886 5255 officium
2944 5179 3364 5276 sustinente,
3418 5187 3625 5283 eique
3682 5186 3756 5259 in
3806 5185 4167 5285 Regisob·

1315 5278 1629 5375 sequium
1677 5333 1698 5363 ,
1752 5280 1822 5350 3<
1882 5278 2112 5353 Patris
2163 5280 2584 5356 memoriam
2635 5283 2883 5361 Caroli
2927 5337 2950 5375 ,
3002 5284 3074 5358 8<
3128 5282 3478 5362 Guidonis
3529 5288 3828 5363 nomina
3881 5285 4163 5362 indita.
